3300 5425
584 415 664 471 ΕΗ
1460 411 1801 463 (ἹΠΗἨΕΜῙ
1841 411 1929 463 ΤΑ.
1941 411 2081 463 ΙΠ-ῙἹἹ

584 599 696 663 filii
732 603 980 663 veniam
1028 619 1280 683 precor:
1328 599 1520 663 filiam
1552 603 1933 667 necessitate
1981 603 2101 667 huc
2133 603 2469 667 adductam
2517 603 2737 667 fateor.
2785 611 2983 663 tuum

584 708 708 768 erit
752 703 1124 784 consultare,
1179 712 1384 768 utrum
1436 708 1813 784 praevalent,
1881 708 2046 788 quud
2097 728 2169 772 ΕΗ
2217 708 2501 772 Arminio
2553 712 2841 788 nuilitepit
2889 727 2985 768 an

584 808 748 888 quoti
816 828 888 872 siz
940 828 1036 872 iiis
1084 812 1296 888 genita
1360 804 1496 872 est?
1564 808 1801 872 Caesar
1849 812 2141 872 clementi
2201 828 2501 892 respons-o
2557 812 2773 872 liberis
2821 832 2981 892 pro-

584 916 968 996 piinssluisqua
1028 916 1164 976 eius
1228 912 1745 992 incolumitatem,
1809 916 1929 996 ipsi
1993 916 2209 976 sedem
2257 920 2469 976 vetere
2533 916 2597 976 in
2645 916 2981 992 provincia.

584 1016 936 1096 pollicetur.
1000 1016 1352 1080 exercitum
1396 1016 1648 1080 reduxit
1709 1036 2065 1100 nomenque
2109 1020 2513 1100 imperatoris
2561 1024 2817 1080 austere
2861 1016 2973 1080 Ti-

584 1120 760 1184 berii}
808 1120 1068 1200 aiz-cepit...
1120 1120 1388 1184 ..li-minii
1428 1120 1813 1184 uxorvirilis
1861 1140 2049 1185 sexus
2081 1124 2343 1204 stiipem
2377 1120 2609 1184 edidit:
2657 1120 2973 1184 educatus

584 1224 920 1284 Ravennae
984 1240 1140 1304 puer
1204 1244 1328 1304 qno
1400 1244 1540 1288 nina
1588 1224 1865 1288 ludibrii}
1933 1224 2329 1288 confflem-tus
2377 1224 2477 1302 sit,
2545 1224 2609 1288 in
2673 1228 2969 1304 tempore

580 1324 964 1392 iimmot-alm.

754 1426 855 1492 59.
918 1428 1114 1494 Fama
1175 1428 1375 1493 dediti
1437 1430 1840 1512 benigneque
1898 1418 2149 1512 excepti
2210 1430 2495 1510 Segestis
2553 1428 2831 1509 vulgata,
2893 1436 2970 1494 ut

583 1532 942 1613 quibusque
1004 1532 1238 1596 bellum
1298 1531 1515 1598 invitis
1576 1539 1688 1599 aut
1747 1535 2152 1615 cupientibus
2204 1539 2360 1613 erat,
2424 1550 2539 1614 spe
2582 1532 2684 1596 vel
2744 1532 2964 1597 dolore

580 1635 909 1715 accipitur.
979 1636 1333 1699 Arminium
1381 1653 1573 1717 super
1623 1638 1878 1702 insitam
1932 1639 2300 1703 violentiam
2345 1641 2527 1717 rapta
2573 1654 2747 1715 uxor,
2812 1636 2963 1700 sub-

581 1740 786 1803 iectus
847 1739 1110 1803 servitio
1170 1740 1386 1803 uxoris
1452 1746 1671 1805 uterus
1730 1742 2107 1807 vaecordem
2168 1741 2461 1822 agebant,
2528 1739 2962 1819 volitabatque

583 1861 699 1924 per
745 1840 1115 1922 Cheruscos,
1182 1861 1358 1906 arma
1415 1844 1481 1908 in
1527 1842 1876 1925 Segestem,
1940 1864 2117 1910 arma
2176 1847 2242 1909 in
2289 1842 2629 1908 Caesarem
2673 1860 3003 1923 poscens,-

581 1965 791 2027 neque
849 1946 1098 2027 probris
1141 1946 1575 2027 temperabat:
1635 1950 1961 2029 egregium
2006 1956 2272 2031 patrem,
2335 1965 2630 2027 magnum
2684 1945 2960 2025 impera-

583 2055 806 2129 torem,
854 2049 1083 2114 fortem
1131 2051 1498 2129 exercitum,
1562 2070 1831 2132 quorum
1874 2056 1971 2116 tot
2014 2070 2237 2116 manus
2285 2070 2471 2115 unam
2517 2049 2954 2115 mulierculam

585 2154 927 2218 avexerint.
992 2154 1113 2218 sibi
1157 2158 1290 2217 tres
1349 2154 1652 2235 legiones,
1715 2156 1983 2221 totidem
2027 2156 2271 2236 legatos
2315 2153 2766 2238 procubuisse3
2827 2171 2955 2217 non

579 2258 749 2322 enim
795 2276 864 2322 se
909 2258 1267 2339 proditione
1311 2276 1520 2338 neque
1565 2260 1869 2324 adversus
1911 2258 2181 2323 feminas
2226 2259 2540 2340 gravidaS,
2590 2257 2701 2322 sed
2746 2258 2959 2340 palam

581 2360 885 2426 adversus
931 2366 1210 2425 armatos
1260 2361 1499 2425 bellum
1542 2368 1837 2428 tractare.
1900 2364 2072 2428 cerni
2118 2363 2323 2427 adhuc
2381 2362 2845 2428 Germanorum
2888 2361 2957 2425 in

575 2465 735 2530 lucis
795 2466 976 2545 signa
1034 2465 1338 2544 Romana,
1389 2484 1554 2546 quae
1615 2466 1714 2531 dis
1759 2468 1986 2548 patriis
2046 2468 2469 2548 suspenderit.
2542 2465 2781 2529 coleret
2840 2462 2956 2529 Se-

577 2574 788 2648 gestes
832 2569 1063 2633 victam
1108 2570 1330 2649 ripam,
1381 2568 1682 2635 redderet
1709 2568 1839 2633 filio
1870 2571 2327 2636 sacerdotium:
2377 2568 2729 2633 Germanos
2772 2586 2956 2632 num-

576 2690 765 2753 quam
811 2673 967 2738 satis
1014 2677 1440 2753 excusaturos,
1504 2673 1673 2754 quod
1718 2673 1887 2738 inter
1927 2674 2142 2740 Albim
2193 2680 2260 2740 et
2300 2673 2590 2738 Rhenum
2634 2672 2846 2753 virgas
2891 2678 2959 2738 et

577 2795 831 2840 secures
894 2783 960 2841 et
1001 2781 1216 2856 togam
1259 2776 1553 2842 viderint.
1615 2778 1759 2841 aliis
1804 2780 2099 2858 gentibus
2144 2776 2505 2859 ignorantia
2553 2777 2782 2857 imperi
2828 2776 2953 2841 Ro-

574 2881 747 2944 mani
807 2881 1139 2960 inexperta
1205 2898 1348 2945 esse
1408 2880 1737 2961 supplicia,
1808 2883 2023 2948 nescia
2082 2883 2354 2947 tributa:
2426 2897 2591 2962 quae
2653 2881 2958 2962 quoniam

576 2988 867 3048 exuerint
926 2984 1280 3064 inritusque
1327 2984 1697 3049 discesserit
1755 2984 1864 3048 ille
1908 2985 2077 3048 inter
2135 2986 2396 3049 numina
2442 2985 2690 3048 dicatus
2733 2985 2952 3064 Augu-

576 3093 746 3167 stUS,
777 3087 886 3151 ille
919 3087 1202 3153 delectus
1248 3088 1562 3166 TiberiuS,
1611 3106 1692 3151 ne
1725 3088 2069 3168 inperitum
2114 3088 2681 3166 adulescentulum,
2724 3106 2806 3152 ne
2851 3106 2951 3153 se-

575 3191 877 3255 ditiosum
945 3194 1295 3256 exercitum
1362 3197 1793 3273 pavescerent.
1864 3193 1918 3256 si
1987 3193 2259 3272 patriam
2326 3195 2623 3274 parentes
2689 3193 2955 3273 antiqua

573 3295 834 3359 mallent
890 3314 1080 3376 quam
1125 3296 1413 3360 dominos
1474 3295 1751 3359 colonias
1797 3314 1975 3375 nova,
2037 3296 2395 3360 Arminium
2455 3297 2667 3378 potius
2712 3295 2953 3376 gloriae

574 3416 647 3460 ac
713 3397 1030 3463 libertatis
1098 3419 1287 3480 quam
1355 3398 1685 3478 Segestem
1749 3399 2103 3480 flagitiosae
2170 3401 2497 3466 servitutis
2558 3399 2783 3464 ducem
2850 3417 2951 3463 se-

575 3506 938 3580 querentur.

747 3604 848 3668 60.
915 3602 1160 3669 Conciti
1207 3626 1322 3687 per
1364 3608 1522 3671 haec
1564 3626 1691 3670 non
1736 3607 1923 3671 modo
1973 3605 2293 3687 Cherusci,
2357 3606 2470 3671 sed
2517 3606 2951 3670 conterminae

573 3712 814 3786 genteS,
863 3712 1231 3788 tractusque
1275 3711 1341 3773 in
1385 3711 1586 3791 partis
1616 3709 2055 3789 Inguiomerus
2099 3710 2371 3775 Arminii
2403 3717 2684 3792 patruus,
2732 3716 2953 3774 vetere
3030 3726 3033 3728 ’

572 3810 741 3891 apud
795 3811 1111 3876 Romanos
1172 3815 1585 3890 auctoritate;
1650 3814 1819 3877 unde
1878 3814 2080 3878 maior
2143 3812 2403 3879 Caesari
2466 3820 2696 3879 metus.
2760 3819 2826 3878 et
2869 3832 2951 3878 ne

573 3914 806 3978 bellum
851 3915 1017 3979 mole
1080 3934 1204 3978 una
1247 3918 1591 3997 ingrueret,
1658 3915 1998 3981 Caecinam
2043 3935 2183 3980 cum
2247 3918 2667 3999 quadraginta
2727 3916 2947 3981 cohor-

569 4018 742 4081 tibus
788 4017 1088 4082 Romanis
1135 4018 1544 4084 distrahendo
1589 4020 1758 4084 hosti
1818 4039 1933 4102 per
1978 4021 2320 4085 Bructeros
2366 4022 2446 4085 ad
2490 4022 2727 4084 flumen
2771 4020 2947 4084 Ami-

571 4123 734 4186 siam
792 4122 1006 4202 mittit,
1072 4123 1351 4203 equitem
1410 4124 1583 4188 Pedo
1644 4109 2005 4205 praefectus
2064 4122 2299 4189 finibus
2358 4125 2706 4189 Frisiorum
2743 4123 2946 4187 ducit.

572 4227 710 4309 ipse
742 4225 1050 4308 inpositas
1079 4226 1346 4291 navibus
1379 4232 1679 4310 quattuor
1707 4228 1991 4310 legiones
2029 4246 2146 4310 per
2174 4228 2347 4294 lacus
2379 4228 2585 4306 vexit3
2631 4227 2948 4309 simulque
2985 4240 2996 4244 ”

3278 1794 3281 1817 -
3278 1632 3281 1749 —
3250 1408 3281 1589 -112¹N.-
