3300 5425
992 387 1084 439 Alf»
1128 387 1448 439 Exustam?
1484 387 1797 439 Aljljljl'z'fl'l
1837 387 1877 438 I.
1921 391 2133 439 12—15.
2711 387 2761 447 [l.

364 579 836 643 adsuliheretur
880 575 1096 643 ‘Iuliae
1144 575 1328 643 iilius*
1376 579 1737 643 r-uiisuhant.
1792 579 1893 643 ills
1925 579 2341 643 moriar-anellis
2377 579 2749 643 i'ffluiufflum

364 683 636 748 honores
696 683 996 760 dictitans
1044 683 1392 764 amisum-[up.
1440 704 1508 744 su.
1568 683 1989 764 tur-umbrantia
2049 704 2305 748 usurum
2353 687 2413 748 iu
2465 683 2541 748 iis·
2589 704 2753 764 quae

364 788 984 864 sihit1·il·1ffl.1·fflitu1·,
1052 800 1328 852 ratarum
1392 790 1612 852 auxius
1669 788 1901 850 invidia
1965 796 2025 852 ut
2073 792 2377 852 muliebre
2429 788 2749 863 fastigium

364 892 428 956 in
476 892 968 956 [lemimltiffllffln
1036 896 1132 956 Sui
1196 896 1512 972 :llssjulipifflffi
1576 912 1648 956 1⁴19.
1717 896 1997 956 lirun-mn
2061 892 2313 972 *suillum
2381 896 2437 956 Hi
2497 894 2753 956 [leil-ffrili

364 1016 592 1079 passus
652 1007 748 1060 est
812 1016 1112 1076 illumque
1176 1000 1532 1076 utluptiffliis
1596 1004 1657 1060 ut
1705 1000 1825 1060 aliar
1889 996 2149 1060 ‘hujusve
2197 996 2365 1060 mulli
2413 1000 2753 1076 pruliiliuit.

364 1108 432 1164 al:
476 1100 856 1164 Germanici}
912 1100 1164 1164 [fasani-i
1232 1104 1681 1180 prsit-fnumulai-etz
1745 1104 2077 1180 inqua-ium
2145 1104 2385 1180 petii-st„
2453 1104 2757 1180 missique

364 1206 558 1284 legati
608 1208 712 1288 qui
764 1208 1100 1268 deferrent.
1152 1208 1332 1268 simul
1388 1208 1766 1268 11·1:u.³.5÷tit.iaiu
1821 1208 1953 1268 eius
2001 1208 2077 1268 ol:
2117 1224 2441 1268 leffffiffillm
2490 1208 2753 1284 Augusti

368 1312 744 1372 solarentur,
808 1332 928 1388 quo
992 1312 1200 1372 u'iinus
1264 1312 1424 1372 illem
1492 1332 1600 1388 pru
1669 1312 1869 1372 Ilruffli
1937 1312 2381 1388 lusistulursstur,
2449 1332 2521 1372 ua
2569 1332 2757 1376 salisa

370 1412 542 1494 quod
601 1408 972 1493 designatus
1033 1413 1249 1476 consul
1310 1410 1608 1495 [Drusus]
1671 1405 2101 1494 praesensque
2162 1418 2317 1477 erat.
2358 1407 2759 1480 ¹candidatos

365 1522 709 1598 praeturae
754 1515 1088 1581 duodecim
1133 1516 1500 1596 nominavit,
1562 1534 1897 1581 numerum
1943 1516 2022 1580 ab
2068 1516 2356 1597 Augusto
2416 1517 2758 1597 traditum3

369 1627 438 1686 et
477 1621 774 1685 hortante
833 1626 1059 1685 senatu
1120 1625 1192 1684 ut
1237 1624 1516 1701 augeret,
1580 1620 1722 1684 iure
1780 1620 2047 1684 iurando
2110 1621 2448 1686 obstrinxit
2506 1640 2576 1686 se
2633 1639 2759 1686 non

370 1744 795 1791 excessurum.
847 1753 849 1758 ·

549 1830 648 1895 15.
695 1829 855 1893 Tum
899 1830 1177 1911 primum
1208 1847 1245 1891 e
1278 1847 1498 1910 eampo
1545 1828 1802 1892 comitia
1846 1827 1925 1890 ad
1971 1834 2189 1909 patres
2233 1830 2540 1894 translata
2576 1835 2757 1895 sunt:
2831 1849 2838 1863 ‘

370 1955 518 2001 nam
563 1935 645 1999 ad
708 1953 848 1999 eam
910 1933 1097 2013 diem,
1163 1932 1283 1997 etsi
1344 1930 1678 2012 potissima
1739 1930 2001 1996 arbitrio
2062 1934 2412 2017 principiS,¹
2451 1930 2761 2015 quaedam

371 2047 585 2107 tamen
652 2038 883 2105 studiis
950 2037 1233 2103 tribuum
1298 2034 1552 2100 fiebant.
1620 2053 1828 2116 neque
1894 2036 2165 2117 populus
2233 2037 2599 2119 ademptum
2660 2040 2761 2104 ius

372 2150 635 2227 questus
697 2148 794 2209 est
836 2142 962 2207 nisi
1006 2142 1184 2206 inani
1227 2160 1498 2221 rumore,
1564 2135 1640 2205 et'
1688 2144 1947 2205 senatus
2006 2141 2451 2221 largitionibus
2497 2160 2571 2206 ac
2615 2162 2760 2223 pre-

375 2247 553 2312 cibus
599 2246 875 2311 sordidis
906 2246 1197 2311 exolutus
1228 2247 1434 2311 libens
1471 2245 1697 2322 tenuit,
1743 2244 2116 2311 moderante
2147 2245 2403 2311 Tiberio
2435 2264 2517 2311 ne
2546 2247 2763 2328 plures

375 2358 570 2431 quam
608 2356 907 2431 quattuor
952 2351 1322 2415 candidatos
1367 2350 1857 2429 commendaret,
1924 2350 2063 2415 sine
2109 2351 2365 2433 repulsa
2412 2355 2478 2415 et
2522 2350 2763 2415 ambitu

375 2453 819 2535 designandos.
857 2455 1026 2519 inter
1056 2472 1220 2535 quae
1248 2453 1490 2518 tribuni
1519 2453 1731 2535 plebei
1762 2455 2067 2537 petivere,
2118 2460 2189 2519 ut
2217 2456 2475 2536 proprio
2508 2462 2764 2536 sumptu

378 2558 641 2624 ederent
682 2557 884 2638 ludos,
947 2558 1056 2640 qui
1120 2556 1199 2621 de
1243 2559 1499 2622 nomine
1556 2558 1830 2638 Augusti
1889 2558 2073 2623 fastis
2136 2558 2338 2623 additi
2383 2560 2768 2639 Augustales

377 2668 774 2728 vocarentur.
837 2662 950 2727 sed
1012 2661 1270 2728 decreta
1329 2663 1598 2745 pecunia
1660 2679 1736 2727 ex
1782 2664 2048 2744 aerari0,
2113 2667 2309 2744 utque
2369 2682 2486 2745 per
2532 2664 2767 2728 circum

377 2766 746 2848 triumphali
803 2773 991 2832 veste
1042 2772 1405 2831 uterentur:
1476 2785 1663 2830 curru
1723 2767 1871 2832 vehi
1929 2768 2100 2831 haud
2161 2769 2561 2848 permissum.
2621 2787 2767 2832 mox

379 2870 720 2935 celebratio
767 2882 976 2934 annua
1021 2871 1102 2934 ad
1148 2875 1507 2952 praetorem
1551 2871 1881 2950 translata,
1931 2873 2032 2935 cui
2059 2873 2229 2935 inter
2275 2873 2442 2936 cives
2475 2877 2541 2936 et
2583 2889 2767 2952 pere-

378 2975 593 3054 grinos
639 2975 997 3040 iurisdictio
1046 2976 1380 3040 evenisset.

602 3076 701 3142 16.
759 3077 883 3144 Hic
943 3097 1156 3143 rerum
1220 3080 1602 3143 urbanarum
1672 3083 1875 3143 status
1937 3084 2092 3159 erat,
2164 3098 2303 3142 cum
2373 3079 2771 3143 Pannonicas

379 3180 663 3262 legiones
708 3183 938 3247 seditio
983 3185 1264 3262 incessit,
1329 3182 1517 3247 nullis
1562 3183 1741 3248 novis
1796 3183 2022 3262 causis,
2086 3183 2209 3247 nisi
2256 3183 2427 3265 quod
2487 3189 2769 3248 mutatus

379 3285 673 3366 princeps
717 3285 1042 3351 licentiam
1085 3288 1417 3353 turbarum
1463 3292 1528 3352 et
1572 3305 1649 3351 ex
1698 3286 1867 3351 civili
1913 3287 2077 3352 bello
2124 3306 2302 3368 spem
2341 3274 2769 3369 praemiorum

380 3389 778 3454 ostendebat.
827 3391 1052 3455 castris
1099 3392 1356 3457 aestivis
1401 3396 1532 3455 tres
1578 3392 1765 3456 simul
1810 3391 2093 3472 legiones
2125 3392 2541 3471 habebantur,
2589 3410 2769 3473 prae·

381 3491 631 3557 sidente
687 3491 872 3558 Iunio
932 3494 1180 3575 Blaes0,
1243 3495 1352 3576 qui
1397 3492 1523 3560 fine
1569 3496 1841 3576 Augusti
1886 3501 1954 3560 et
1996 3497 2199 3561 initiis
2245 3495 2486 3561 Tiberii
2534 3495 2771 3561 auditis

383 3596 461 3662 ob
491 3598 803 3662 iustitium
839 3598 976 3682 [aut
1004 3599 1332 3682 gaudium]
1371 3599 1806 3664 intermiserat
1841 3600 2041 3664 solita>
2072 3599 2307 3665 munia.
2354 3618 2428 3664 eo
2460 3599 2772 3681 principio

379 3701 672 3766 lascivire
717 3702 923 3782 miles,
972 3703 1355 3784 discordare,
1403 3705 1665 3785 pessimi
1697 3705 2004 3786 cuiusque
2035 3705 2433 3769 sermonibus
2462 3704 2775 3784 praebere

384 3823 590 3886 aures,
654 3804 930 3887 denique
987 3807 1205 3871 luxum
1252 3814 1318 3874 et
1361 3809 1564 3872 otium
1611 3826 1866 3890 cupere,
1931 3806 2333 3887 disciplinam
2380 3813 2445 3872 et
2492 3807 2775 3872 laborem

382 3911 752 3991 aspernari,
778 3916 918 3975 erat
959 3911 1026 3975 in
1073 3913 1297 3978 castris
1341 3912 1729 3976 Percennius
1776 3912 2053 3993 quidam,
2122 3911 2247 3974 dux
2296 3911 2445 3974 olim
2490 3911 2769 3976 theatra-

381 4014 538 4078 lium
584 4031 938 4096 operarum,
1001 4014 1148 4080 dein
1195 4017 1525 4097 gregarius
1588 4015 1791 4094 mileS,
1854 4033 2087 4098 procax
2133 4014 2349 4094 lingua
2393 4020 2457 4080 et
2501 4017 2771 4080 miscere

384 4123 602 4184 coetus
640 4118 1004 4185 (histrionali
1051 4120 1262 4186 studio
1309 4121 1550 4185 doctus,
1603 4121 1660 4186 is
1704 4120 2011 4202 inperitos
2058 4120 2302 4184 animos
2348 4126 2414 4184 et
2458 4138 2771 4202 quaenam

385 4228 531 4306 post
574 4222 932 4304 Augustum
991 4224 1261 4289 militiae
1306 4225 1593 4290 condicio
1657 4225 2057 4304 ambigentes
2118 4224 2425 4304 inpellere
2468 4224 2776 4305 paulatim
