3300 5425
524 463 596 523 lli
1392 455 1741 507 GnRNELH
1777 455 2021 511 TAGITI

516 651 680 715 aima
724 651 1112 727 legionibus-3
1176 667 1320 711 uam
1368 651 1568 715 isdem
1616 651 1881 715 aestivis
1941 651 2005 715 in
2053 651 2281 715 finibus
2345 651 2649 715 Ubiorum
2709 651 2905 715 liabe-

512 759 744 819 bantur
804 775 920 835 per
976 755 1172 819 otium
1220 759 1332 815 sut
1388 755 1552 815 levia
1612 755 1849 819 munia.
1909 755 2105 827 igitur
2165 755 2381 819 audito
2445 751 2569 819 fine
2633 755 2901 835 Augusti

510 859 844 928 vernacula
892 859 1244 936 multitude,
1296 875 1500 940 nuper
1544 863 1685 919 actu
1733 859 1797 923 in
1845 859 2001 923 urhe
2049 859 2305 940 dilecta,
2353 859 2653 923 lasciviae
2701 863 2901 940 sueta,

512 964 796 1028 laborum
864 964 1228 1040 intolerans,
1300 964 1568 1044 implere
1636 968 1997 1024 cete-rurum
2057 964 2249 1028 rudes
2301 964 2581 1028 animos:
2653 964 2909 1028 venisse

512 1076 764 1148 tempus
824 1088 948 1148 qun
996 1068 1276 1132 veterani
1340 1072 1652 1132 maturam
1717 1068 2101 1148 missionem,
2169 1068 2429 1132 iuvenes
2473 1068 2749 1148 largiora
2793 1068 2905 1132 sti-

516 1172 764 1256 pendia,
816 1172 1024 1236 cuncti
1072 1172 1324 1236 mudum
1372 1172 1773 1236 miseriarum
1825 1176 2237 1252 exposcerent
2269 1172 2729 1252 saevitiamque
2765 1192 2905 1236 cen-

516 1276 836 1340 turionum
900 1276 1376 1340 ulciscerentur.
1428 1292 1552 1340 non
1602 1292 1761 1336 nutis
1809 1274 1981 1352 haec,
2049 1284 2117 1340 ut
2165 1276 2557 1340 Pannonicas
2605 1276 2773 1340 inter
2817 1276 2905 1340 le-

519 1384 736 1460 giones
788 1380 1188 1456 Percennius,
1248 1398 1364 1444 nec
1412 1380 1580 1460 apud
1624 1380 1913 1460 trepidas
1957 1380 2229 1444 militum
2277 1400 2485 1456 aurea,
2549 1380 2705 1444 alius
2750 1380 2905 1444 rali-

516 1486 726 1548 [liures
760 1488 1076 1552 exercitus
1108 1484 1604 1564 respicientium,
1652 1480 1766 1544 sed
1805 1484 2005 1544 multa
2045 1484 2373 1548 seditiunis,
2421 1500 2533 1544 ura
2561 1500 2901 1564 vocesque:

516 1608 632 1652 sua
676 1592 740 1652 in
788 1608 976 1652 manu
1020 1592 1208 1656 sitam
1256 1608 1388 1652 reni
1436 1588 1805 1664 Romanam,
1853 1588 1985 1648 suis
2017 1588 2301 1648 victui-iis
2345 1588 2565 1664 augeri
2613 1608 2741 1652 rem
2789 1608 2901 1668 pu-

516 1692 768 1772 blicam,
816 1692 880 1756 in
928 1712 1108 1756 suun]
1160 1696 1644 1772 cugnomentum
1693 1692 1959 1752 adscisci
2009 1692 2445 1772 imperatur-ea.

691 1796 795 1861 32.
859 1796 992 1860 Nec
1060 1798 1308 1876 legatus
1376 1796 1627 1859 obviam
1697 1796 1862 1857 ibat:
1933 1796 2173 1875 quippe
2238 1796 2514 1874 plurium
2573 1796 2904 1859 vaecordia

518 1900 937 1965 constantiam
983 1904 1323 1964 exemerat.
1373 1904 1636 1980 repente
1688 1896 1996 1979 lymphati
2044 1896 2367 1962 destrictis
2415 1896 2645 1977 gladiis
2690 1903 2906 1968 centu-

517 2004 726 2068 riones
784 2004 1120 2069 invadunt:
1184 2022 1261 2068 ea
1320 2002 1756 2068 vetustissima
1815 2000 2198 2065 militaribus
2259 2000 2423 2065 odiis
2482 2002 2783 2066 materies
2842 2007 2908 2066 et

517 2107 841 2174 saeviendi
874 2109 1277 2190 principium.
1322 2111 1676 2188 prostratos
1707 2104 2079 2169 verberibus
2109 2103 2406 2185 mulcant,
2457 2107 2759 2186 sexageni
2784 2106 2906 2171 sin-

521 2212 719 2293 gulos,
791 2217 861 2276 ut
926 2229 1259 2276 numerum
1329 2210 1770 2275 centurionum
1837 2208 2303 2290 adaequarent:
2373 2216 2508 2275 tum
2578 2210 2908 2274 convulsos

520 2317 919 2397 laniatosque
987 2321 1052 2381 et
1116 2315 1349 2397 partim
1423 2314 1751 2379 exanimos
1826 2318 1973 2378 ante
2046 2313 2280 2378 vallum
2352 2320 2464 2379 aut
2528 2314 2595 2378 in
2659 2331 2909 2379 amnem

518 2421 808 2485 Rhenum
838 2420 1173 2502 proiciunt.
1221 2417 1568 2500 Septimius
1600 2435 1742 2481 cum
1774 2416 2158 2498 perfugisset
2186 2418 2268 2481 ad
2298 2418 2579 2483 tribunal
2607 2417 2908 2499 pedibus-

521 2544 647 2606 que
707 2523 1021 2589 Caecinae
1082 2523 1541 2601 advolveretur,
1607 2540 1682 2585 eo
1745 2540 1945 2603 usque
2002 2521 2327 2603 flagitatus
2387 2527 2504 2603 est,
2568 2522 2770 2587 donec
2829 2521 2911 2586 ad

522 2630 788 2694 exitium
849 2629 1211 2694 dederetur.
1276 2624 1535 2691 Cassius
1599 2623 1905 2705 Chaerea,
1965 2644 2113 2690 mox
2175 2625 2371 2690 caede
2430 2624 2553 2691 Gai
2617 2625 2911 2691 Caesaris

519 2735 891 2798 memoriam
936 2733 1439 2816 apudposteros
1485 2731 1774 2811 adeptus,
1822 2735 1956 2795 tum
1987 2731 2361 2796 adulescens
2395 2738 2458 2797 et
2487 2732 2683 2796 animi
2712 2731 2909 2812 ferox,

518 2838 687 2901 inter
747 2838 1074 2902 obstantes
1135 2842 1201 2901 et
1258 2840 1536 2900 armatos
1593 2833 1763 2898 ferro
1822 2836 1990 2900 viam
2046 2836 2368 2917 patefecit.
2436 2855 2563 2902 non
2620 2836 2914 2901 tribunus

523 2942 708 3022 ultra,
757 2960 883 3007 non
929 2946 1281 3006 castrorum
1325 2938 1685 3021 praefectus
1728 2939 1829 3004 ius
1877 2940 2184 3006 obtinuit:
2247 2942 2517 3023 vigilias,
2585 2942 2911 3017 stationes,

525 3050 591 3110 et
635 3046 689 3110 si
736 3065 861 3135 qua
892 3045 1016 3110 alia
1047 3062 1351 3126 praesens
1393 3062 1543 3109 usus
1591 3043 1928 3124 indixerat,
1976 3045 2101 3126 ipsi
2132 3046 2591 3127 partiebantur.
2636 3045 2703 3110 id
2748 3045 2913 3111 mili-

522 3157 695 3214 tares
757 3150 1000 3215 animos
1059 3149 1251 3215 altius
1312 3149 1816 3214 coniectantibus
1877 3150 2292 3230 praecipuum
2350 3150 2657 3215 indicium
2701 3149 2915 3230 magni

525 3255 717 3334 atque
761 3252 1160 3334 inplacabilis
1205 3258 1432 3332 motus,
1500 3252 1669 3335 quod
1714 3271 1840 3316 non
1887 3253 2138 3317 disiecti
2182 3272 2380 3340 neque
2423 3271 2782 3336 paucorum.
2815 3254 2913 3318 in-

523 3357 778 3436 stinctu,
827 3356 941 3420 sed
971 3359 1212 3438 pariter
1243 3357 1669 3436 ardescerent,
1718 3356 1959 3438 pariter
1989 3357 2269 3437 silerent,
2319 3364 2499 3423 tanta
2527 3358 2914 3439 aequalitate

526 3465 591 3526 et
635 3462 1010 3541 constantia,
1061 3468 1131 3526 ut
1175 3463 1310 3542 regi
1358 3460 1672 3526 crederes.

695 3566 800 3630 33.
846 3564 1101 3630 Interea
1146 3565 1524 3630 Germanico
1571 3583 1688 3646 per
1717 3563 1978 3644 Gallias,
2031 3571 2101 3630 ut
2130 3565 2428 3646 diximus,
2478 3584 2704 3630 census
2750 3565 2913 3630 acci-

524 3670 728 3750 pienti
776 3671 1128 3736 excessisse
1171 3671 1528 3752 Augustum
1574 3667 1879 3732 adfertur.
1928 3674 2186 3749 neptem
2218 3672 2355 3735 eius
2386 3670 2804 3752 Agrippinam
2850 3669 2916 3732 in

524 3774 928 3838 matrimonio
973 3773 1317 3854 pluresque
1380 3792 1457 3838 ex
1505 3791 1580 3836 ea
1625 3771 1860 3836 liberos
1905 3772 2200 3853 habebat,
2267 3773 2404 3853 ipse
2448 3774 2657 3839 Druso
2717 3773 2914 3837 fratre

521 3877 762 3943 Tiberii
806 3879 1078 3957 genitus,
1122 3877 1450 3958 Augustae
1494 3895 1711 3958 nepos,
1757 3876 1871 3940 sed
1917 3878 2142 3942 anxius
2189 3876 2452 3942 occultis
2498 3877 2564 3943 in
2605 3895 2675 3943 se
2705 3877 2915 3959 patrui

521 3982 831 4064 aviaeque
890 3981 1073 4061 odiis,
1136 4000 1404 4062 quorum
1464 4000 1694 4047 causae
1755 3980 2050 4060 acriores,
2123 3981 2275 4061 quia
2333 3980 2609 4064 iniquae.
2680 3982 2915 4064 quippe

522 4087 716 4151 Drusi
761 4104 990 4166 magna
1035 4085 1206 4167 apud
1250 4086 1552 4169 populum
1596 4086 1952 4149 Romanum
1997 4085 2322 4164 memoria,
2385 4085 2911 4166 credebaturque,

525 4192 579 4255 si
627 4210 840 4255 rerum
885 4191 1125 4272 potitus
1169 4188 1353 4270 foret,
1402 4191 1763 4255 libertatem
1810 4189 2211 4267 redditurus3
2260 4189 2426 4253 unde
2472 4190 2539 4253 in
2584 4189 2915 4253 Germani-

525 4312 666 4362 cum
712 4294 890 4360 favor
935 4300 1002 4360 et
1045 4313 1192 4379 spes
1238 4295 1480 4361 eadem.
1527 4313 1676 4358 nam
1720 4295 1935 4359 iuveni
1982 4293 2166 4358 civile
2211 4294 2556 4374 ingenium,
2604 4292 2767 4356 mira
2812 4309 2914 4355 co-
