3300 5425
984 483 1080 535 an
1108 479 1428 535 sarasar
1476 475 1781 527 arariam
1821 475 1857 527 J.
1897 479 2113 527 fist-sa.
2653 479 2725 535 „rs

348 675 632 752 [tharma
680 675 792 736 aad
844 675 1152 735 exterruit
1200 671 1472 735 Caes-..ina
1518 671 1636 731 1111ss
1673 667 1817 731 illuc
1865 667 2073 731 serena
2117 683 2325 739 arnum
2377 671 2441 727 et
2489 663 2729 727 Mart-ma

352 780 652 852 cuunradi
700 796 888 840 ansus
936 796 1236 856 prus-paru
1284 776 1524 856 lum-sliu
1576 772 1873 836 cohibuit,

528 883 628 944 ΞΠ.
695 879 912 960 Nasum
964 880 1156 940 multu
1224 884 1364 960 post
1408 880 1600 952 leg—‚rati
1665 896 1701 936 a
1749 876 2009 952 Segeste
2057 880 2365 936 variarunt
2425 872 2725 936 auxilinm

348 992 604 1048 namtas
652 984 952 1048 adversus
1000 984 1124 1048 rim
1172 984 1592 1064 popular-imm
1657 1000 1693 1040 a
1741 980 1881 1058 quia
1929 976 2525 1052 circumsedebanm
2577 976 2729 1036 vali-

352 1088 532 1152 diore
564 1088 728 1168 apud
768 1108 876 1152 aas
912 1088 1212 1164 munnio*
1252 1084 1548 1164 [proniani
1584 1084 1813 1144 bellurn
1849 1080 2189 1144 suadebat:
2241 1100 2385 1144 nam
2421 1080 2726 1156 barbaria

352 1196 588 1268 quantu
640 1192 780 1268 quis
816 1192 1080 1252 andusia
1128 1194 1472 1272 promptum
1520 1192 1697 1252 tants:
1745 1188 1945 1264 magis
1989 1184 2153 1248 fitius
2185 1184 2501 1264 rebusque
2545 1184 2733 1244 mutis

348 1296 564 1376 potior
604 1296 892 1356 habetur.
964 1292 1300 1356 adsimulat
1348 1292 1644 1364 sensate-5
1693 1288 1917 1364 logni-ia
1965 1288 2181 1364 filiium
2249 1288 2505 1348 namins
2557 1284 2733 1364 Segi-

350 1400 688 1460 mundum:
744 1396 852 1460 sad
904 1396 1148 1460 invenis
1200 1396 1584 1460 conssientia
1632 1392 2065 1456 cunctabatur.
2117 1393 2353 1472 quippe
2401 1408 2561 1452 anno
2609 1408 2733 1468 qut}

352 1498 739 1563 Germaniae
799 1498 1124 1563 descivere
1186 1496 1482 1562 sacerdos
1528 1495 1710 1576 apud·
1758 1512 1933 1557 aram
1977 1493 2287 1558 Ubiorum
2334 1498 2584 1557 creatus
2632 1511 2733 1556 ru-

349 1607 538 1684 perat
582 1603 788 1681 vitta8‚
838 1599 1142 1683 profugus
1190 1601 1269 1664 ad
1316 1599 1608 1664 rebelles.
1657 1597 1967 1661 adductus
2010 1601 2225 1661 tamen
2268 1598 2335 1661 in
2380 1615 2560 1677 spem
2610 1596 2733 1660 cle-

353 1706 637 1773 mentiae
682 1705 1005 1768 Romanae
1064 1703 1327 1785 pertulit
1370 1702 1570 1783 patris
1630 1702 1930 1765 mandata
1973 1700 2375 1780 benigneque
2436 1705 2737 1781 exceptus

356 1828 500 1873 cum
545 1808 864 1891 praesidio
911 1807 1221 1871 Gallicam
1267 1808 1332 1870 in
1365 1807 1566 1886 ripam
1613 1807 1844 1870 missus
1876 1810 1991 1868 est.
2042 1803 2417 1868 Germanico
2464 1805 2737 1885 pretium

357 1911 484 1976 fuit
544 1917 910 1976 convertere
971 1929 1218 1991 agmen,
1281 1914 1757 1991 pugnatumque
1817 1910 1881 1972 in
1944 1907 2309 1987 obsidentis,
2374 1913 2440 1971 et
2483 1913 2739 1988 ereptus

359 2014 660 2095 Segestes
718 2033 948 2094 magna
995 2032 1136 2077 cum
1181 2014 1679 2095 propinquorum
1742 2015 1806 2077 et
1852 2012 2174 2074 clientium
2220 2030 2427 2074 manu.
2491 2012 2743 2075 inerant

354 2118 634 2182 feminae
665 2118 931 2197 nobileS‚
980 2118 1158 2184 inter,
1183 2135 1341 2198 quas
1388 2135 1545 2179 uxor
1578 2116 1852 2179 Arminii
1892 2115 2241 2195 eademque
2269 2112 2399 2177 filia
2433 2112 2736 2193 Segestis,

357 2222 574 2286 mariti
634 2221 837 2301 magis
897 2240 1085 2303 quam
1145 2220 1428 2302 parentis
1487 2220 1717 2297 animo,
1787 2237 1996 2298 neque
2056 2220 2260 2283 evicta
2321 2220 2388 2282 in
2446 2217 2741 2281 lacrimas

361 2343 571 2405 neque
614 2343 767 2389 voce
812 2325 1095 2407 supplex,
1160 2323 1536 2405 compressis
1596 2323 1764 2387 intra
1822 2322 2029 2386 sinum
2074 2322 2367 2385 manibus
2412 2321 2741 2401 gravidum

362 2434 611 2492 uterum
658 2429 930 2492 intuens.
992 2426 1358 2493 ferebantur
1417 2432 1482 2491 et
1527 2427 1727 2507 spolia
1774 2426 2089 2491 Varianae
2144 2425 2359 2505 cladis,
2421 2426 2742 2505 plerisque

361 2539 580 2595 eorum
641 2530 751 2612 qui
809 2536 944 2594 tum
1004 2532 1070 2595 in
1117 2530 1507 2595 deditionem
1566 2531 1910 2594 veniebant
1969 2530 2246 2610 praedae
2305 2529 2487 2594 data:
2551 2528 2741 2592 simul

365 2633 662 2714 Segestes
702 2634 860 2727 ipse,
909 2634 1132 2715 ingens
1163 2636 1300 2699 visu
1335 2640 1398 2699 et
1428 2633 1735 2698 memoria
1766 2632 1970 2696 bonae
2015 2634 2339 2697 societatis
2381 2631 2739 2714 inpavidus.

537 2737 641 2805 58.
687 2738 900 2803 Verba
940 2739 1077 2803 eius
1122 2740 1187 2803 in
1219 2739 1383 2802 hunc
1428 2739 1686 2802 modum
1715 2737 1929 2801 fuere:
1977 2732 2119 2802 ‘non
2166 2738 2267 2802 hic
2297 2738 2453 2802 mihi
2501 2737 2744 2817 primus

365 2861 516 2922 erga
560 2842 862 2926 populum
908 2841 1261 2907 Romanum
1305 2840 1454 2907 fidei
1503 2849 1568 2907 et
1600 2843 1994 2906 constantiae
2042 2842 2200 2906 dies,
2250 2861 2327 2905 ex
2359 2859 2483 2921 quo
2531 2859 2569 2904 a
2599 2840 2742 2904 divo

364 2944 652 3024 Augusto
714 2944 970 3010 civitate
1035 2946 1304 3010 donatus
1366 2965 1522 3026 sum,
1597 2947 1834 3011 amicos
1894 2947 2315 3027 inimicosque
2376 2964 2453 3008 ex
2515 2931 2745 3008 vestris

364 3048 746 3112 utilitatibus
793 3048 1020 3128 delegi,
1084 3067 1292 3130 neque
1338 3049 1482 3112 odio
1526 3050 1774 3129 patriae
1838 3051 2102 3131 (quippe
2147 3049 2505 3131 proditores
2551 3048 2745 3111 etiam

365 3151 447 3215 iis
471 3169 628 3232 quos
659 3156 1054 3232 anteponunt
1082 3153 1269 3216 invisi
1303 3153 1494 3233 sunt),
1530 3170 1749 3216 verum
1777 3155 1927 3234 quia
1949 3154 2250 3216 Romanis
2277 3152 2743 3232 Germanisque

366 3254 535 3318 idem
569 3254 922 3319 conducere
965 3259 1244 3322 videbam
1293 3262 1356 3320 et
1402 3274 1622 3336 pacem
1662 3276 1851 3337 quam
1883 3257 2119 3322 bellum
2164 3257 2531 3338 probabam.
2595 3273 2745 3334 ergo

364 3364 684 3439 raptorem
727 3357 898 3423 filiae
942 3377 1142 3438 meae,
1194 3359 1561 3424 violatorem
1594 3359 1872 3425 foederis
1916 3361 2131 3440 vestri,
2180 3361 2538 3424 Arminium
2572 3358 2741 3439 apud

363 3461 623 3540 Varum,
671 3464 779 3544 qui
809 3469 942 3527 tum
976 3464 1283 3528 exercitui
1323 3463 1750 3543 praesidebat,
1798 3483 1978 3527 reum
2015 3463 2157 3528 feci.
2208 3460 2441 3527 dilatus
2472 3463 2746 3542 segnitia

366 3566 562 3646 duciS,
612 3568 762 3648 quia
806 3586 1030 3648 parum
1076 3567 1380 3648 praesidii
1426 3567 1493 3629 in
1524 3567 1771 3646 legibus
1820 3575 1975 3648 erat,
2026 3574 2095 3632 ut
2139 3586 2240 3631 me
2287 3573 2352 3633 et
2388 3567 2743 3653 Arminium

366 3675 432 3734 et
476 3671 760 3734 conscios
805 3671 1074 3735 vinciret
1119 3671 1432 3750 flagitavi:
1481 3671 1667 3734 testis
1712 3671 1823 3735 illa
1853 3691 1995 3749 nox,
2045 3672 2199 3735 mihi
2248 3672 2488 3736 utinam
2533 3671 2745 3752 potius

364 3773 740 3836 novissima!
804 3792 968 3854 quae
1014 3779 1232 3838 secuta
1291 3779 1454 3852 sunt,
1520 3774 1740 3838 defleri
1803 3777 2003 3855 magis
2050 3795 2239 3856 quam
2300 3773 2555 3838 defendi
2600 3792 2743 3855 pos-

364 3882 550 3940 sunt:
602 3884 881 3941 ceterum
913 3884 978 3942 et
1006 3879 1197 3942 inieci
1232 3883 1486 3942 catenas
1518 3878 1803 3942 Arminio
1837 3886 1901 3943 et
1931 3898 1969 3942 a
2001 3878 2276 3943 factione
2307 3880 2445 3943 eius
2477 3879 2745 3942 iniectas

366 3997 711 4061 perpessus
770 4000 927 4045 sum.
989 3987 1181 4062 atque
1242 3982 1349 4045 ubi
1409 3982 1679 4060 primum
1741 3983 1834 4046 tui
1898 3984 2095 4063 copia,
2165 3989 2383 4046 vetera
2441 3982 2622 4045 novis
2683 3986 2748 4044 et

365 4085 584 4163 quieta
611 4085 886 4148 turbidis
931 4085 1300 4164 antehabeO,
1362 4103 1570 4165 neque
1616 4085 1696 4148 ob
1742 4086 2114 4165 praemium,
2178 4085 2289 4150 sed
2335 4091 2406 4149 ut
2457 4104 2559 4148 me
2603 4104 2746 4165 per-

362 4185 518 4251 fidia
561 4187 864 4268 exolvam,
927 4191 1114 4253 simul
1160 4190 1336 4269 genti
1396 4189 1859 4252 Germanorum
1918 4190 2183 4253 idoneus
2235 4189 2622 4268 conciliator,
2689 4189 2743 4252 si

364 4291 817 4371 paenitnntimu
880 4311 1068 4374 quam
1130 4294 1475 4375 perniciem
1536 4292 1849 4359 maluerit.
1912 4312 2025 4376 pro
2088 4295 2344 4359 iuventa
2405 4298 2469 4362 et
2530 4311 2747 4362 errore
