<?xml version="1.0" encoding="UTF-8"?>
<!DOCTYPE html PUBLIC "-//W3C//DTD XHTML 1.0 Transitional//EN"
    "http://www.w3.org/TR/xhtml1/DTD/xhtml1-transitional.dtd">
<html xmlns="http://www.w3.org/1999/xhtml" xml:lang="en" lang="en">
 <head>
  <title>
</title>
<meta http-equiv="Content-Type" content="text/html;charset=utf-8" />
  <meta name='ocr-system' content='tesseract 3.04.00' />
  <meta name='ocr-capabilities' content='ocr_page ocr_carea ocr_par ocr_line ocrx_word'/>
</head>
<body>
  <div class='ocr_page' id='page_1' title='image "./corneliitacitia05tacigoog_0031.png"; bbox 0 0 3300 5425; ppageno 0'>
   <div class='ocr_carea' id='block_1_1' title="bbox 1016 471 2765 531">
    <p class='ocr_par' dir='ltr' id='par_1_1' title="bbox 1016 471 2765 531">
     <span class='ocr_line' id='line_1_1' title="bbox 1016 471 2765 531; baseline 0.005 -8"><span class='ocrx_word' id='word_1_1' title='bbox 1016 471 1112 523; x_wconf 69' lang='lat' dir='ltr'>AB</span> <span class='ocrx_word' id='word_1_2' title='bbox 1144 471 1464 527; x_wconf 63' lang='lat' dir='ltr'>EXUESSU</span> <span class='ocrx_word' id='word_1_3' title='bbox 1504 471 1817 527; x_wconf 58' lang='lat' dir='ltr'>AUGUSTI</span> <span class='ocrx_word' id='word_1_4' title='bbox 1857 471 1897 523; x_wconf 77' lang='grc' dir='ltr'>Ι,</span> <span class='ocrx_word' id='word_1_5' title='bbox 1933 475 2153 523; x_wconf 67' lang='lat' dir='ltr'>fisi—54.</span> <span class='ocrx_word' id='word_1_6' title='bbox 2685 475 2765 531; x_wconf 58' lang='lat' dir='ltr'>..r-3</span> 
     </span>
    </p>
   </div>
   <div class='ocr_carea' id='block_1_2' title="bbox 384 663 2780 4359">
    <p class='ocr_par' dir='ltr' id='par_1_2' title="bbox 384 663 2773 1372">
     <span class='ocr_line' id='line_1_2' title="bbox 388 663 2769 743; baseline -0.001 -16"><span class='ocrx_word' id='word_1_7' title='bbox 388 667 692 727; x_wconf 67' lang='lat' dir='ltr'>mis-ainus</span> <span class='ocrx_word' id='word_1_8' title='bbox 748 663 1052 727; x_wconf 71' lang='lat' dir='ltr'>festinata</span> <span class='ocrx_word' id='word_1_9' title='bbox 1104 663 1380 727; x_wconf 66' lang='lat' dir='ltr'>favaram</span> <span class='ocrx_word' id='word_1_10' title='bbox 1431 663 1701 727; x_wconf 79' lang='lat' dir='ltr'>militnm</span> <span class='ocrx_word' id='word_1_11' title='bbox 1749 663 2185 743; x_wconf 64' lang='lat' dir='ltr'>quaesivisset.</span> <span class='ocrx_word' id='word_1_12' title='bbox 2249 663 2473 727; x_wconf 73' lang='lat' dir='ltr'>bellica</span> <span class='ocrx_word' id='word_1_13' title='bbox 2517 683 2769 743; x_wconf 72' lang='lat' dir='ltr'>qunque</span> 
     </span>
     <span class='ocr_line' id='line_1_3' title="bbox 388 767 2769 847; baseline -0.003 -12"><span class='ocrx_word' id='word_1_14' title='bbox 388 771 752 835; x_wconf 70' lang='lat' dir='ltr'>Germanici</span> <span class='ocrx_word' id='word_1_15' title='bbox 800 767 1004 847; x_wconf 69' lang='lat' dir='ltr'>glurin.</span> <span class='ocrx_word' id='word_1_16' title='bbox 1052 767 1420 843; x_wconf 65' lang='lat' dir='ltr'>ungebat-nr.</span> <span class='ocrx_word' id='word_1_17' title='bbox 1472 767 1717 831; x_wconf 73' lang='lat' dir='ltr'>rettulit</span> <span class='ocrx_word' id='word_1_18' title='bbox 1765 775 1973 831; x_wconf 70' lang='lat' dir='ltr'>tamen</span> <span class='ocrx_word' id='word_1_19' title='bbox 2021 767 2101 827; x_wconf 78' lang='lat' dir='ltr'>ad</span> <span class='ocrx_word' id='word_1_20' title='bbox 2133 771 2421 831; x_wconf 71' lang='lat' dir='ltr'>senatum</span> <span class='ocrx_word' id='word_1_21' title='bbox 2469 767 2545 827; x_wconf 76' lang='lat' dir='ltr'>de</span> <span class='ocrx_word' id='word_1_22' title='bbox 2580 767 2769 827; x_wconf 74' lang='lat' dir='ltr'>rebus</span> 
     </span>
     <span class='ocr_line' id='line_1_4' title="bbox 388 871 2769 955; baseline -0.002 -20"><span class='ocrx_word' id='word_1_23' title='bbox 388 875 588 955; x_wconf 75' lang='lat' dir='ltr'>gestis</span> <span class='ocrx_word' id='word_1_24' title='bbox 648 871 972 951; x_wconf 76' lang='lat' dir='ltr'>multaque</span> <span class='ocrx_word' id='word_1_25' title='bbox 1036 871 1116 935; x_wconf 72' lang='lat' dir='ltr'>dn</span> <span class='ocrx_word' id='word_1_26' title='bbox 1164 871 1396 935; x_wconf 67' lang='lat' dir='ltr'>virtute</span> <span class='ocrx_word' id='word_1_27' title='bbox 1456 871 1592 935; x_wconf 67' lang='lat' dir='ltr'>eins</span> <span class='ocrx_word' id='word_1_28' title='bbox 1657 871 2045 951; x_wconf 60' lang='lat' dir='ltr'>mamurarit.</span> <span class='ocrx_word' id='word_1_29' title='bbox 2109 871 2313 947; x_wconf 71' lang='lat' dir='ltr'>magis</span> <span class='ocrx_word' id='word_1_30' title='bbox 2373 871 2437 931; x_wconf 82' lang='lat' dir='ltr'>in</span> <span class='ocrx_word' id='word_1_31' title='bbox 2493 871 2769 951; x_wconf 72' lang='lat' dir='ltr'>speciem</span> 
     </span>
     <span class='ocr_line' id='line_1_5' title="bbox 384 975 2769 1055; baseline -0.002 -16"><span class='ocrx_word' id='word_1_32' title='bbox 384 979 600 1039; x_wconf 65' lang='lat' dir='ltr'>verbis</span> <span class='ocrx_word' id='word_1_33' title='bbox 644 975 952 1039; x_wconf 62' lang='lat' dir='ltr'>adamata.</span> <span class='ocrx_word' id='word_1_34' title='bbox 996 991 1184 1055; x_wconf 82' lang='lat' dir='ltr'>qnam</span> <span class='ocrx_word' id='word_1_35' title='bbox 1232 979 1300 1039; x_wconf 79' lang='lat' dir='ltr'>nt</span> <span class='ocrx_word' id='word_1_36' title='bbox 1344 975 1596 1055; x_wconf 73' lang='lat' dir='ltr'>penitus</span> <span class='ocrx_word' id='word_1_37' title='bbox 1644 975 1881 1039; x_wconf 67' lang='lat' dir='ltr'>nentire</span> <span class='ocrx_word' id='word_1_38' title='bbox 1933 975 2313 1039; x_wconf 69' lang='lat' dir='ltr'>crederetur.</span> <span class='ocrx_word' id='word_1_39' title='bbox 2365 975 2769 1055; x_wconf 72' lang='lat' dir='ltr'>paucioribus</span> 
     </span>
     <span class='ocr_line' id='line_1_6' title="bbox 388 1075 2773 1160; baseline -0.002 -16"><span class='ocrx_word' id='word_1_40' title='bbox 388 1079 668 1144; x_wconf 62' lang='lat' dir='ltr'>,Drusum</span> <span class='ocrx_word' id='word_1_41' title='bbox 736 1083 800 1144; x_wconf 79' lang='lat' dir='ltr'>et</span> <span class='ocrx_word' id='word_1_42' title='bbox 844 1077 1028 1144; x_wconf 76' lang='lat' dir='ltr'>finem</span> <span class='ocrx_word' id='word_1_43' title='bbox 1092 1079 1328 1160; x_wconf 63' lang='lat' dir='ltr'>Iuga-ini</span> <span class='ocrx_word' id='word_1_44' title='bbox 1388 1083 1600 1144; x_wconf 76' lang='lat' dir='ltr'>mutus</span> <span class='ocrx_word' id='word_1_45' title='bbox 1661 1079 1957 1156; x_wconf 65' lang='lat' dir='ltr'>laudavit.</span> <span class='ocrx_word' id='word_1_46' title='bbox 2025 1079 2133 1144; x_wconf 76' lang='lat' dir='ltr'>sed</span> <span class='ocrx_word' id='word_1_47' title='bbox 2181 1079 2485 1144; x_wconf 74' lang='lat' dir='ltr'>intentinr</span> <span class='ocrx_word' id='word_1_48' title='bbox 2541 1083 2601 1140; x_wconf 76' lang='lat' dir='ltr'>et</span> <span class='ocrx_word' id='word_1_49' title='bbox 2645 1075 2773 1140; x_wconf 79' lang='lat' dir='ltr'>fida</span> 
     </span>
     <span class='ocr_line' id='line_1_7' title="bbox 392 1184 2769 1264; baseline -0.002 -16"><span class='ocrx_word' id='word_1_50' title='bbox 392 1188 696 1248; x_wconf 67' lang='lat' dir='ltr'>aratinus.</span> <span class='ocrx_word' id='word_1_51' title='bbox 748 1192 1100 1264; x_wconf 72' lang='lat' dir='ltr'>cunctaque</span> <span class='ocrx_word' id='word_1_52' title='bbox 1156 1204 1320 1264; x_wconf 71' lang='lat' dir='ltr'>qnae</span> <span class='ocrx_word' id='word_1_53' title='bbox 1364 1184 1781 1248; x_wconf 70' lang='lat' dir='ltr'>Germanicus</span> <span class='ocrx_word' id='word_1_54' title='bbox 1829 1184 2197 1260; x_wconf 54' lang='lat' dir='ltr'>indulserat„</span> <span class='ocrx_word' id='word_1_55' title='bbox 2261 1184 2533 1248; x_wconf 62' lang='lat' dir='ltr'>serravit</span> <span class='ocrx_word' id='word_1_56' title='bbox 2577 1184 2769 1244; x_wconf 74' lang='lat' dir='ltr'>etiarn</span> 
     </span>
     <span class='ocr_line' id='line_1_8' title="bbox 392 1288 1384 1372; baseline -0.004 -20"><span class='ocrx_word' id='word_1_57' title='bbox 392 1288 560 1372; x_wconf 80' lang='lat' dir='ltr'>apud</span> <span class='ocrx_word' id='word_1_58' title='bbox 608 1288 1004 1352; x_wconf 77' lang='lat' dir='ltr'>Pannnninns</span> <span class='ocrx_word' id='word_1_59' title='bbox 1052 1288 1384 1352; x_wconf 70' lang='lat' dir='ltr'>exercitus.</span> 
     </span>
    </p>

    <p class='ocr_par' dir='ltr' id='par_1_3' title="bbox 387 1388 2779 3749">
     <span class='ocr_line' id='line_1_9' title="bbox 568 1388 2773 1476; baseline -0.002 -20"><span class='ocrx_word' id='word_1_60' title='bbox 568 1392 668 1456; x_wconf 71' lang='lat'>53.</span> <span class='ocrx_word' id='word_1_61' title='bbox 732 1392 976 1456; x_wconf 69' lang='lat' dir='ltr'>Eodem</span> <span class='ocrx_word' id='word_1_62' title='bbox 1024 1412 1188 1456; x_wconf 74' lang='lat' dir='ltr'>annu</span> <span class='ocrx_word' id='word_1_63' title='bbox 1236 1388 1396 1452; x_wconf 83' lang='lat' dir='ltr'>Iulia</span> <span class='ocrx_word' id='word_1_64' title='bbox 1452 1408 1817 1468; x_wconf 77' lang='lat' dir='ltr'>supremum</span> <span class='ocrx_word' id='word_1_65' title='bbox 1865 1388 2030 1452; x_wconf 75' lang='lat' dir='ltr'>diem</span> <span class='ocrx_word' id='word_1_66' title='bbox 2081 1391 2257 1468; x_wconf 64' lang='lat' dir='ltr'>nhiit.</span> <span class='ocrx_word' id='word_1_67' title='bbox 2321 1388 2397 1476; x_wconf 76' lang='lat' dir='ltr'>nb</span> <span class='ocrx_word' id='word_1_68' title='bbox 2449 1388 2773 1468; x_wconf 41' lang='lat' dir='ltr'>impudici*</span> 
     </span>
     <span class='ocr_line' id='line_1_10' title="bbox 392 1492 2773 1576; baseline -0.002 -16"><span class='ocrx_word' id='word_1_69' title='bbox 392 1496 548 1560; x_wconf 80' lang='lat' dir='ltr'>tiam</span> <span class='ocrx_word' id='word_1_70' title='bbox 596 1496 744 1556; x_wconf 80' lang='lat' dir='ltr'>nlin]</span> <span class='ocrx_word' id='word_1_71' title='bbox 808 1512 844 1556; x_wconf 85' lang='lat' dir='ltr'>a</span> <span class='ocrx_word' id='word_1_72' title='bbox 888 1500 1072 1576; x_wconf 75' lang='lat' dir='ltr'>patre</span> <span class='ocrx_word' id='word_1_73' title='bbox 1132 1496 1420 1572; x_wconf 70' lang='lat' dir='ltr'>Anguste</span> <span class='ocrx_word' id='word_1_74' title='bbox 1468 1492 1849 1556; x_wconf 76' lang='lat' dir='ltr'>Pandateria</span> <span class='ocrx_word' id='word_1_75' title='bbox 1893 1493 2117 1572; x_wconf 70' lang='lat' dir='ltr'>insula,</span> <span class='ocrx_word' id='word_1_76' title='bbox 2181 1512 2321 1556; x_wconf 65' lang='lat' dir='ltr'>mun</span> <span class='ocrx_word' id='word_1_77' title='bbox 2373 1492 2601 1572; x_wconf 75' lang='lat' dir='ltr'>uppidn</span> <span class='ocrx_word' id='word_1_78' title='bbox 2649 1492 2773 1556; x_wconf 64' lang='lat' dir='ltr'>&#39;Re-</span> 
     </span>
     <span class='ocr_line' id='line_1_11' title="bbox 396 1596 2773 1676; baseline -0.002 -16"><span class='ocrx_word' id='word_1_79' title='bbox 396 1600 704 1676; x_wconf 61' lang='lat' dir='ltr'>ginnrnm.</span> <span class='ocrx_word' id='word_1_80' title='bbox 768 1600 876 1676; x_wconf 80' lang='lat' dir='ltr'>qui</span> <span class='ocrx_word' id='word_1_81' title='bbox 928 1596 1208 1660; x_wconf 74' lang='lat' dir='ltr'>Siculum</span> <span class='ocrx_word' id='word_1_82' title='bbox 1256 1596 1484 1660; x_wconf 77' lang='lat' dir='ltr'>fretum</span> <span class='ocrx_word' id='word_1_83' title='bbox 1532 1596 1837 1676; x_wconf 66' lang='lat' dir='ltr'>accolunt.</span> <span class='ocrx_word' id='word_1_84' title='bbox 1901 1596 2133 1660; x_wconf 65' lang='lat' dir='ltr'>clausa.</span> <span class='ocrx_word' id='word_1_85' title='bbox 2197 1596 2405 1660; x_wconf 71' lang='lat' dir='ltr'>fuerat</span> <span class='ocrx_word' id='word_1_86' title='bbox 2445 1596 2509 1656; x_wconf 90' lang='lat' dir='ltr'>in</span> <span class='ocrx_word' id='word_1_87' title='bbox 2557 1596 2773 1660; x_wconf 79' lang='lat' dir='ltr'>matri-</span> 
     </span>
     <span class='ocr_line' id='line_1_12' title="bbox 396 1700 2773 1780; baseline 0 -16"><span class='ocrx_word' id='word_1_88' title='bbox 396 1704 608 1764; x_wconf 80' lang='lat' dir='ltr'>mnnin</span> <span class='ocrx_word' id='word_1_89' title='bbox 652 1700 892 1764; x_wconf 75' lang='lat' dir='ltr'>Tiberii</span> <span class='ocrx_word' id='word_1_90' title='bbox 928 1700 1304 1764; x_wconf 74' lang='lat' dir='ltr'>florentibus</span> <span class='ocrx_word' id='word_1_91' title='bbox 1348 1700 1508 1764; x_wconf 65' lang='lat' dir='ltr'>Gaio</span> <span class='ocrx_word' id='word_1_92' title='bbox 1556 1704 1620 1764; x_wconf 68' lang='lat' dir='ltr'>et</span> <span class='ocrx_word' id='word_1_93' title='bbox 1648 1700 1841 1764; x_wconf 73' lang='lat' dir='ltr'>Lusit]</span> <span class='ocrx_word' id='word_1_94' title='bbox 1893 1700 2273 1764; x_wconf 73' lang='lat' dir='ltr'>Caesaribna</span> <span class='ocrx_word' id='word_1_95' title='bbox 2321 1708 2773 1780; x_wconf 50' lang='lat' dir='ltr'>sprewa-ratque</span> 
     </span>
     <span class='ocr_line' id='line_1_13' title="bbox 392 1804 2777 1884; baseline 0 -16"><span class='ocrx_word' id='word_1_96' title='bbox 392 1812 464 1868; x_wconf 81' lang='lat' dir='ltr'>ut</span> <span class='ocrx_word' id='word_1_97' title='bbox 508 1808 828 1884; x_wconf 49' lang='lat' dir='ltr'>inparatum</span> <span class='ocrx_word' id='word_1_98' title='bbox 880 1824 992 1868; x_wconf 77' lang='lat' dir='ltr'>nen</span> <span class='ocrx_word' id='word_1_99' title='bbox 1024 1808 1152 1868; x_wconf 81' lang='lat' dir='ltr'>alia</span> <span class='ocrx_word' id='word_1_100' title='bbox 1196 1812 1324 1868; x_wconf 80' lang='lat' dir='ltr'>tam</span> <span class='ocrx_word' id='word_1_101' title='bbox 1376 1804 1596 1868; x_wconf 77' lang='lat' dir='ltr'>intima</span> <span class='ocrx_word' id='word_1_102' title='bbox 1628 1804 1885 1866; x_wconf 79' lang='lat' dir='ltr'>Tiberin</span> <span class='ocrx_word' id='word_1_103' title='bbox 1933 1824 2122 1868; x_wconf 77' lang='lat' dir='ltr'>nausa</span> <span class='ocrx_word' id='word_1_104' title='bbox 2157 1824 2269 1868; x_wconf 79' lang='lat' dir='ltr'>nur</span> <span class='ocrx_word' id='word_1_105' title='bbox 2297 1804 2585 1864; x_wconf 84' lang='lat' dir='ltr'>thdnrn</span> <span class='ocrx_word' id='word_1_106' title='bbox 2633 1804 2777 1868; x_wconf 76' lang='lat' dir='ltr'>abs-</span> 
     </span>
     <span class='ocr_line' id='line_1_14' title="bbox 392 1908 2769 1988; baseline -0.002 -16"><span class='ocrx_word' id='word_1_107' title='bbox 392 1908 664 1972; x_wconf 74' lang='lat' dir='ltr'>cederet.</span> <span class='ocrx_word' id='word_1_108' title='bbox 748 1908 1080 1988; x_wconf 74' lang='lat' dir='ltr'>imperinm</span> <span class='ocrx_word' id='word_1_109' title='bbox 1160 1908 1428 1988; x_wconf 76' lang='lat' dir='ltr'>adeptus</span> <span class='ocrx_word' id='word_1_110' title='bbox 1488 1912 1825 1984; x_wconf 62' lang='lat' dir='ltr'>extorrem„</span> <span class='ocrx_word' id='word_1_111' title='bbox 1889 1908 2189 1968; x_wconf 77' lang='lat' dir='ltr'>infamem</span> <span class='ocrx_word' id='word_1_112' title='bbox 2253 1912 2317 1968; x_wconf 76' lang='lat' dir='ltr'>et</span> <span class='ocrx_word' id='word_1_113' title='bbox 2377 1912 2517 1988; x_wconf 72' lang='lat' dir='ltr'>pust</span> <span class='ocrx_word' id='word_1_114' title='bbox 2577 1908 2769 1972; x_wconf 70' lang='lat' dir='ltr'>inter-</span> 
     </span>
     <span class='ocr_line' id='line_1_15' title="bbox 392 2012 2773 2092; baseline -0.002 -16"><span class='ocrx_word' id='word_1_115' title='bbox 392 2012 631 2076; x_wconf 75' lang='lat' dir='ltr'>fectum</span> <span class='ocrx_word' id='word_1_116' title='bbox 692 2012 1064 2076; x_wconf 79' lang='lat' dir='ltr'>Pnstnmnm</span> <span class='ocrx_word' id='word_1_117' title='bbox 1110 2012 1456 2092; x_wconf 69' lang='lat' dir='ltr'>Agrippam</span> <span class='ocrx_word' id='word_1_118' title='bbox 1504 2012 1705 2072; x_wconf 74' lang='lat' dir='ltr'>omnis</span> <span class='ocrx_word' id='word_1_119' title='bbox 1753 2012 1889 2092; x_wconf 69' lang='lat' dir='ltr'>spei</span> <span class='ocrx_word' id='word_1_120' title='bbox 1937 2028 2197 2088; x_wconf 74' lang='lat' dir='ltr'>egenam</span> <span class='ocrx_word' id='word_1_121' title='bbox 2249 2012 2461 2088; x_wconf 67' lang='lat' dir='ltr'>inopia</span> <span class='ocrx_word' id='word_1_122' title='bbox 2509 2028 2581 2072; x_wconf 78' lang='lat' dir='ltr'>nn</span> <span class='ocrx_word' id='word_1_123' title='bbox 2625 2012 2773 2072; x_wconf 74' lang='lat' dir='ltr'>tabe</span> 
     </span>
     <span class='ocr_line' id='line_1_16' title="bbox 392 2115 2773 2196; baseline 0 -20"><span class='ocrx_word' id='word_1_124' title='bbox 392 2116 580 2196; x_wconf 68' lang='lat' dir='ltr'>lunga</span> <span class='ocrx_word' id='word_1_125' title='bbox 636 2116 928 2196; x_wconf 63' lang='lat' dir='ltr'>peremit.</span> <span class='ocrx_word' id='word_1_126' title='bbox 992 2116 1324 2180; x_wconf 71' lang='lat' dir='ltr'>uba-surani</span> <span class='ocrx_word' id='word_1_127' title='bbox 1388 2116 1520 2176; x_wconf 76' lang='lat' dir='ltr'>fure</span> <span class='ocrx_word' id='word_1_128' title='bbox 1567 2132 1789 2176; x_wconf 73' lang='lat' dir='ltr'>nnn-em</span> <span class='ocrx_word' id='word_1_129' title='bbox 1849 2116 2313 2192; x_wconf 50' lang='lat' dir='ltr'>lungdnqnitate</span> <span class='ocrx_word' id='word_1_130' title='bbox 2357 2115 2529 2176; x_wconf 65' lang='lat' dir='ltr'>exilii</span> <span class='ocrx_word' id='word_1_131' title='bbox 2581 2120 2773 2176; x_wconf 73' lang='lat' dir='ltr'>ratus,</span> 
     </span>
     <span class='ocr_line' id='line_1_17' title="bbox 390 2216 2772 2299; baseline -0.001 -18"><span class='ocrx_word' id='word_1_132' title='bbox 390 2240 508 2299; x_wconf 84' lang='lat' dir='ltr'>par</span> <span class='ocrx_word' id='word_1_133' title='bbox 540 2236 730 2281; x_wconf 79' lang='lat' dir='ltr'>causa</span> <span class='ocrx_word' id='word_1_134' title='bbox 774 2220 1080 2282; x_wconf 69' lang='lat' dir='ltr'>saevitiae</span> <span class='ocrx_word' id='word_1_135' title='bbox 1128 2220 1191 2290; x_wconf 87' lang='lat' dir='ltr'>in</span> <span class='ocrx_word' id='word_1_136' title='bbox 1224 2216 1669 2298; x_wconf 73' lang='lat' dir='ltr'>Sempronium</span> <span class='ocrx_word' id='word_1_137' title='bbox 1709 2216 2081 2297; x_wconf 77' lang='lat' dir='ltr'>Gracchum,</span> <span class='ocrx_word' id='word_1_138' title='bbox 2133 2220 2241 2299; x_wconf 85' lang='lat' dir='ltr'>qui</span> <span class='ocrx_word' id='word_1_139' title='bbox 2270 2216 2509 2281; x_wconf 82' lang='lat' dir='ltr'>famili-a</span> <span class='ocrx_word' id='word_1_140' title='bbox 2557 2217 2772 2295; x_wconf 81' lang='lat' dir='ltr'>nobili,</span> 
     </span>
     <span class='ocr_line' id='line_1_18' title="bbox 391 2319 2775 2402; baseline -0.001 -17"><span class='ocrx_word' id='word_1_141' title='bbox 391 2320 615 2385; x_wconf 89' lang='lat' dir='ltr'>sollers</span> <span class='ocrx_word' id='word_1_142' title='bbox 661 2321 917 2400; x_wconf 90' lang='lat' dir='ltr'>ingenio</span> <span class='ocrx_word' id='word_1_143' title='bbox 965 2325 1031 2386; x_wconf 90' lang='lat' dir='ltr'>et</span> <span class='ocrx_word' id='word_1_144' title='bbox 1058 2340 1253 2402; x_wconf 87' lang='lat' dir='ltr'>prave</span> <span class='ocrx_word' id='word_1_145' title='bbox 1296 2320 1624 2398; x_wconf 89' lang='lat' dir='ltr'>facundus,</span> <span class='ocrx_word' id='word_1_146' title='bbox 1675 2320 1940 2385; x_wconf 88' lang='lat' dir='ltr'>eandem</span> <span class='ocrx_word' id='word_1_147' title='bbox 1986 2319 2214 2384; x_wconf 90' lang='lat' dir='ltr'>Iuliam</span> <span class='ocrx_word' id='word_1_148' title='bbox 2259 2320 2325 2384; x_wconf 93' lang='lat' dir='ltr'>in</span> <span class='ocrx_word' id='word_1_149' title='bbox 2369 2320 2775 2383; x_wconf 90' lang='lat' dir='ltr'>matrimonio</span> 
     </span>
     <span class='ocr_line' id='line_1_19' title="bbox 391 2421 2775 2506; baseline -0.001 -19"><span class='ocrx_word' id='word_1_150' title='bbox 391 2422 591 2488; x_wconf 88' lang='lat' dir='ltr'>Marci</span> <span class='ocrx_word' id='word_1_151' title='bbox 635 2424 958 2506; x_wconf 82' lang='lat' dir='ltr'>Agrippae</span> <span class='ocrx_word' id='word_1_152' title='bbox 1017 2429 1461 2489; x_wconf 79' lang='lat' dir='ltr'><strong>temeraverat.</strong></span> <span class='ocrx_word' id='word_1_153' title='bbox 1524 2442 1642 2489; x_wconf 90' lang='lat' dir='ltr'>nec</span> <span class='ocrx_word' id='word_1_154' title='bbox 1688 2426 1744 2488; x_wconf 87' lang='lat' dir='ltr'>is</span> <span class='ocrx_word' id='word_1_155' title='bbox 1786 2423 2038 2489; x_wconf 88' lang='lat' dir='ltr'>libidini</span> <span class='ocrx_word' id='word_1_156' title='bbox 2081 2422 2259 2489; x_wconf 88' lang='lat' dir='ltr'>finis:</span> <span class='ocrx_word' id='word_1_157' title='bbox 2321 2422 2626 2488; x_wconf 76' lang='lat' dir='ltr'>traditam</span> <span class='ocrx_word' id='word_1_158' title='bbox 2669 2421 2775 2485; x_wconf 90' lang='lat' dir='ltr'>Ti-</span> 
     </span>
     <span class='ocr_line' id='line_1_20' title="bbox 389 2520 2774 2609; baseline -0.001 -17"><span class='ocrx_word' id='word_1_159' title='bbox 389 2527 570 2592; x_wconf 91' lang='lat' dir='ltr'>berio</span> <span class='ocrx_word' id='word_1_160' title='bbox 628 2528 925 2609; x_wconf 63' lang='lat' dir='ltr'>pelvicax</span> <span class='ocrx_word' id='word_1_161' title='bbox 986 2528 1237 2593; x_wconf 82' lang='lat' dir='ltr'><strong>adulter</strong></span> <span class='ocrx_word' id='word_1_162' title='bbox 1297 2529 1694 2592; x_wconf 86' lang='lat' dir='ltr'>contumacia</span> <span class='ocrx_word' id='word_1_163' title='bbox 1756 2534 1822 2593; x_wconf 92' lang='lat' dir='ltr'>et</span> <span class='ocrx_word' id='word_1_164' title='bbox 1862 2520 2026 2592; x_wconf 91' lang='lat' dir='ltr'>odiis</span> <span class='ocrx_word' id='word_1_165' title='bbox 2086 2529 2151 2593; x_wconf 91' lang='lat' dir='ltr'>in</span> <span class='ocrx_word' id='word_1_166' title='bbox 2196 2528 2493 2592; x_wconf 89' lang='lat' dir='ltr'>maritum</span> <span class='ocrx_word' id='word_1_167' title='bbox 2552 2544 2774 2590; x_wconf 89' lang='lat' dir='ltr'>accen-</span> 
     </span>
     <span class='ocr_line' id='line_1_21' title="bbox 393 2630 2775 2715; baseline -0 -20"><span class='ocrx_word' id='word_1_168' title='bbox 393 2631 620 2709; x_wconf 87' lang='lat' dir='ltr'>debat;</span> <span class='ocrx_word' id='word_1_169' title='bbox 683 2630 1084 2715; x_wconf 86' lang='lat' dir='ltr'>litteraeque,</span> <span class='ocrx_word' id='word_1_170' title='bbox 1149 2650 1307 2714; x_wconf 89' lang='lat' dir='ltr'>quas</span> <span class='ocrx_word' id='word_1_171' title='bbox 1364 2630 1527 2696; x_wconf 87' lang='lat' dir='ltr'>Iulia</span> <span class='ocrx_word' id='word_1_172' title='bbox 1583 2634 1751 2714; x_wconf 87' lang='lat' dir='ltr'>patri</span> <span class='ocrx_word' id='word_1_173' title='bbox 1811 2634 2096 2714; x_wconf 89' lang='lat' dir='ltr'>Augusto</span> <span class='ocrx_word' id='word_1_174' title='bbox 2158 2651 2299 2695; x_wconf 91' lang='lat' dir='ltr'>cum</span> <span class='ocrx_word' id='word_1_175' title='bbox 2358 2631 2775 2695; x_wconf 86' lang='lat' dir='ltr'>insectatione</span> 
     </span>
     <span class='ocr_line' id='line_1_22' title="bbox 391 2734 2775 2818; baseline 0 -19"><span class='ocrx_word' id='word_1_176' title='bbox 391 2735 635 2800; x_wconf 90' lang='lat' dir='ltr'>Tiberii</span> <span class='ocrx_word' id='word_1_177' title='bbox 681 2736 957 2817; x_wconf 82' lang='lat' dir='ltr'>scripsit,</span> <span class='ocrx_word' id='word_1_178' title='bbox 1020 2754 1059 2799; x_wconf 87' lang='lat' dir='ltr'>a</span> <span class='ocrx_word' id='word_1_179' title='bbox 1103 2734 1388 2800; x_wconf 87' lang='lat' dir='ltr'>Graccho</span> <span class='ocrx_word' id='word_1_180' title='bbox 1436 2738 1825 2818; x_wconf 89' lang='lat' dir='ltr'>compositae</span> <span class='ocrx_word' id='word_1_181' title='bbox 1871 2737 2313 2802; x_wconf 89' lang='lat' dir='ltr'>credebantur.</span> <span class='ocrx_word' id='word_1_182' title='bbox 2362 2737 2558 2816; x_wconf 88' lang='lat' dir='ltr'>igitur</span> <span class='ocrx_word' id='word_1_183' title='bbox 2602 2754 2775 2800; x_wconf 92' lang='lat' dir='ltr'>amo-</span> 
     </span>
     <span class='ocr_line' id='line_1_23' title="bbox 389 2835 2777 2923; baseline 0 -21"><span class='ocrx_word' id='word_1_184' title='bbox 389 2844 493 2903; x_wconf 91' lang='lat' dir='ltr'>tus</span> <span class='ocrx_word' id='word_1_185' title='bbox 526 2835 878 2918; x_wconf 84' lang='lat' dir='ltr'>Cercinam,</span> <span class='ocrx_word' id='word_1_186' title='bbox 923 2838 1122 2904; x_wconf 87' lang='lat' dir='ltr'>Africi</span> <span class='ocrx_word' id='word_1_187' title='bbox 1168 2841 1362 2904; x_wconf 92' lang='lat' dir='ltr'>maris</span> <span class='ocrx_word' id='word_1_188' title='bbox 1393 2840 1685 2921; x_wconf 88' lang='lat' dir='ltr'>insulam,</span> <span class='ocrx_word' id='word_1_189' title='bbox 1735 2841 2241 2923; x_wconf 88' lang='lat' dir='ltr'>quattuordecim</span> <span class='ocrx_word' id='word_1_190' title='bbox 2289 2841 2472 2904; x_wconf 90' lang='lat' dir='ltr'>annis</span> <span class='ocrx_word' id='word_1_191' title='bbox 2518 2840 2777 2903; x_wconf 85' lang='lat' dir='ltr'>exilium</span> 
     </span>
     <span class='ocr_line' id='line_1_24' title="bbox 387 2941 2771 3034; baseline -0.001 -28"><span class='ocrx_word' id='word_1_192' title='bbox 387 2941 702 3006; x_wconf 89' lang='lat' dir='ltr'>toleravit.</span> <span class='ocrx_word' id='word_1_193' title='bbox 765 2947 917 3007; x_wconf 88' lang='lat' dir='ltr'>tunc</span> <span class='ocrx_word' id='word_1_194' title='bbox 959 2943 1195 3008; x_wconf 81' lang='lat' dir='ltr'>milites</span> <span class='ocrx_word' id='word_1_195' title='bbox 1254 2943 1336 3007; x_wconf 89' lang='lat' dir='ltr'>ad</span> <span class='ocrx_word' id='word_1_196' title='bbox 1381 2944 1642 3008; x_wconf 89' lang='lat' dir='ltr'>caedem</span> <span class='ocrx_word' id='word_1_197' title='bbox 1688 2945 1869 3009; x_wconf 90' lang='lat' dir='ltr'>missi</span> <span class='ocrx_word' id='word_1_198' title='bbox 1914 2946 2217 3034; x_wconf 75' lang='lat' dir='ltr'>invenere</span> <span class='ocrx_word' id='word_1_199' title='bbox 2275 2945 2343 3008; x_wconf 90' lang='lat' dir='ltr'>in</span> <span class='ocrx_word' id='word_1_200' title='bbox 2387 2942 2771 3022; x_wconf 89' lang='lat' dir='ltr'>prominenti</span> 
     </span>
     <span class='ocr_line' id='line_1_25' title="bbox 389 3045 2777 3128; baseline 0 -19"><span class='ocrx_word' id='word_1_201' title='bbox 389 3045 617 3125; x_wconf 86' lang='lat' dir='ltr'>litoris,</span> <span class='ocrx_word' id='word_1_202' title='bbox 665 3045 823 3110; x_wconf 90' lang='lat' dir='ltr'>nihil</span> <span class='ocrx_word' id='word_1_203' title='bbox 869 3046 1106 3111; x_wconf 90' lang='lat' dir='ltr'>laetum</span> <span class='ocrx_word' id='word_1_204' title='bbox 1152 3048 1610 3128; x_wconf 88' lang='lat' dir='ltr'>opperientem.</span> <span class='ocrx_word' id='word_1_205' title='bbox 1661 3066 1934 3128; x_wconf 89' lang='lat' dir='ltr'>quorum</span> <span class='ocrx_word' id='word_1_206' title='bbox 1965 3047 2240 3111; x_wconf 89' lang='lat' dir='ltr'>adventu</span> <span class='ocrx_word' id='word_1_207' title='bbox 2284 3047 2478 3110; x_wconf 90' lang='lat' dir='ltr'>breve</span> <span class='ocrx_word' id='word_1_208' title='bbox 2523 3051 2777 3126; x_wconf 91' lang='lat' dir='ltr'>tempus</span> 
     </span>
     <span class='ocr_line' id='line_1_26' title="bbox 392 3149 2775 3232; baseline 0 -18"><span class='ocrx_word' id='word_1_209' title='bbox 392 3149 641 3230; x_wconf 80' lang='lat' dir='ltr'>petivit,</span> <span class='ocrx_word' id='word_1_210' title='bbox 706 3154 777 3213; x_wconf 93' lang='lat' dir='ltr'>ut</span> <span class='ocrx_word' id='word_1_211' title='bbox 820 3167 1119 3230; x_wconf 88' lang='lat' dir='ltr'>suprema</span> <span class='ocrx_word' id='word_1_212' title='bbox 1162 3151 1464 3215; x_wconf 87' lang='lat' dir='ltr'>mandata</span> <span class='ocrx_word' id='word_1_213' title='bbox 1507 3151 1692 3215; x_wconf 86' lang='lat' dir='ltr'>uxori</span> <span class='ocrx_word' id='word_1_214' title='bbox 1736 3150 2046 3215; x_wconf 91' lang='lat' dir='ltr'>Alliariae</span> <span class='ocrx_word' id='word_1_215' title='bbox 2102 3169 2219 3232; x_wconf 95' lang='lat' dir='ltr'>per</span> <span class='ocrx_word' id='word_1_216' title='bbox 2263 3150 2513 3215; x_wconf 91' lang='lat' dir='ltr'>litteras</span> <span class='ocrx_word' id='word_1_217' title='bbox 2574 3149 2775 3229; x_wconf 87' lang='lat' dir='ltr'>daret,</span> 
     </span>
     <span class='ocr_line' id='line_1_27' title="bbox 393 3253 2776 3334; baseline -0 -17"><span class='ocrx_word' id='word_1_218' title='bbox 393 3253 832 3334; x_wconf 90' lang='lat' dir='ltr'>cervicemque</span> <span class='ocrx_word' id='word_1_219' title='bbox 888 3254 1372 3334; x_wconf 88' lang='lat' dir='ltr'>percussoribus</span> <span class='ocrx_word' id='word_1_220' title='bbox 1434 3254 1685 3334; x_wconf 84' lang='lat' dir='ltr'>obtulit,</span> <span class='ocrx_word' id='word_1_221' title='bbox 1756 3254 2112 3319; x_wconf 89' lang='lat' dir='ltr'>constantia</span> <span class='ocrx_word' id='word_1_222' title='bbox 2169 3254 2391 3318; x_wconf 85' lang='lat' dir='ltr'>mortis</span> <span class='ocrx_word' id='word_1_223' title='bbox 2453 3253 2622 3316; x_wconf 90' lang='lat' dir='ltr'>haud</span> <span class='ocrx_word' id='word_1_224' title='bbox 2682 3254 2776 3317; x_wconf 91' lang='lat' dir='ltr'>in-</span> 
     </span>
     <span class='ocr_line' id='line_1_28' title="bbox 392 3355 2779 3442; baseline -0 -21"><span class='ocrx_word' id='word_1_225' title='bbox 392 3357 621 3438; x_wconf 88' lang='lat' dir='ltr'>dignus</span> <span class='ocrx_word' id='word_1_226' title='bbox 689 3355 1066 3438; x_wconf 89' lang='lat' dir='ltr'>Sempronio</span> <span class='ocrx_word' id='word_1_227' title='bbox 1132 3359 1386 3423; x_wconf 91' lang='lat' dir='ltr'>nomine</span> <span class='ocrx_word' id='word_1_228' title='bbox 1455 3357 1498 3442; x_wconf 79' lang='lat' dir='ltr'>[z</span> <span class='ocrx_word' id='word_1_229' title='bbox 1520 3360 1652 3423; x_wconf 87' lang='lat' dir='ltr'>vita</span> <span class='ocrx_word' id='word_1_230' title='bbox 1714 3356 2255 3440; x_wconf 88' lang='lat' dir='ltr'>degeneraverat].</span> <span class='ocrx_word' id='word_1_231' title='bbox 2326 3357 2584 3438; x_wconf 90' lang='lat' dir='ltr'>quidam</span> <span class='ocrx_word' id='word_1_232' title='bbox 2653 3376 2779 3421; x_wconf 93' lang='lat' dir='ltr'>non</span> 
     </span>
     <span class='ocr_line' id='line_1_29' title="bbox 394 3458 2778 3544; baseline 0 -19"><span class='ocrx_word' id='word_1_233' title='bbox 394 3460 595 3525; x_wconf 80' lang='lat' dir='ltr'>Roma</span> <span class='ocrx_word' id='word_1_234' title='bbox 639 3478 750 3525; x_wconf 90' lang='lat' dir='ltr'>eos</span> <span class='ocrx_word' id='word_1_235' title='bbox 781 3458 1036 3540; x_wconf 84' lang='lat' dir='ltr'>militeS,</span> <span class='ocrx_word' id='word_1_236' title='bbox 1085 3460 1196 3524; x_wconf 89' lang='lat' dir='ltr'>sed</span> <span class='ocrx_word' id='word_1_237' title='bbox 1242 3461 1322 3525; x_wconf 89' lang='lat' dir='ltr'>ab</span> <span class='ocrx_word' id='word_1_238' title='bbox 1352 3460 1421 3524; x_wconf 92' lang='lat' dir='ltr'>L.</span> <span class='ocrx_word' id='word_1_239' title='bbox 1471 3462 1830 3544; x_wconf 88' lang='lat' dir='ltr'>Asprenate</span> <span class='ocrx_word' id='word_1_240' title='bbox 1876 3480 1991 3542; x_wconf 92' lang='lat' dir='ltr'>pro</span> <span class='ocrx_word' id='word_1_241' title='bbox 2039 3460 2294 3525; x_wconf 91' lang='lat' dir='ltr'>consule</span> <span class='ocrx_word' id='word_1_242' title='bbox 2327 3459 2579 3525; x_wconf 84' lang='lat' dir='ltr'>Africae</span> <span class='ocrx_word' id='word_1_243' title='bbox 2625 3463 2778 3526; x_wconf 88' lang='lat' dir='ltr'>mis-</span> 
     </span>
     <span class='ocr_line' id='line_1_30' title="bbox 396 3562 2776 3647; baseline 0 -19"><span class='ocrx_word' id='word_1_244' title='bbox 396 3582 500 3629; x_wconf 87' lang='lat' dir='ltr'>sos</span> <span class='ocrx_word' id='word_1_245' title='bbox 529 3562 854 3628; x_wconf 88' lang='lat' dir='ltr'>tradidere</span> <span class='ocrx_word' id='word_1_246' title='bbox 900 3569 1159 3628; x_wconf 90' lang='lat' dir='ltr'>auctore</span> <span class='ocrx_word' id='word_1_247' title='bbox 1204 3563 1477 3645; x_wconf 81' lang='lat' dir='ltr'>Tibem‘o‚</span> <span class='ocrx_word' id='word_1_248' title='bbox 1527 3567 1636 3647; x_wconf 90' lang='lat' dir='ltr'>qui</span> <span class='ocrx_word' id='word_1_249' title='bbox 1668 3563 1901 3628; x_wconf 87' lang='lat' dir='ltr'>famam</span> <span class='ocrx_word' id='word_1_250' title='bbox 1949 3563 2163 3629; x_wconf 87' lang='lat' dir='ltr'>caedis</span> <span class='ocrx_word' id='word_1_251' title='bbox 2209 3581 2398 3645; x_wconf 88' lang='lat' dir='ltr'>posse</span> <span class='ocrx_word' id='word_1_252' title='bbox 2441 3564 2508 3628; x_wconf 92' lang='lat' dir='ltr'>in</span> <span class='ocrx_word' id='word_1_253' title='bbox 2542 3565 2776 3646; x_wconf 88' lang='lat' dir='ltr'>Aspre·</span> 
     </span>
     <span class='ocr_line' id='line_1_31' title="bbox 395 3666 1532 3749; baseline 0.002 -18"><span class='ocrx_word' id='word_1_254' title='bbox 395 3673 610 3732; x_wconf 85' lang='lat' dir='ltr'>uatem</span> <span class='ocrx_word' id='word_1_255' title='bbox 655 3685 754 3731; x_wconf 79' lang='lat' dir='ltr'>vei</span> <span class='ocrx_word' id='word_1_256' title='bbox 767 3667 819 3732; x_wconf 93' lang='lat' dir='ltr'>ti</span> <span class='ocrx_word' id='word_1_257' title='bbox 863 3666 1102 3731; x_wconf 88' lang='lat' dir='ltr'>frustra</span> <span class='ocrx_word' id='word_1_258' title='bbox 1147 3673 1532 3749; x_wconf 86' lang='lat' dir='ltr'>speraverat.</span> 
     </span>
    </p>

    <p class='ocr_par' dir='ltr' id='par_1_4' title="bbox 395 3769 2780 4359">
     <span class='ocr_line' id='line_1_32' title="bbox 567 3769 2780 3853; baseline 0.001 -19"><span class='ocrx_word' id='word_1_259' title='bbox 567 3770 669 3836; x_wconf 82' lang='lat'>54.</span> <span class='ocrx_word' id='word_1_260' title='bbox 730 3769 908 3835; x_wconf 90' lang='lat' dir='ltr'>Idem</span> <span class='ocrx_word' id='word_1_261' title='bbox 955 3789 1157 3835; x_wconf 89' lang='lat' dir='ltr'>annus</span> <span class='ocrx_word' id='word_1_262' title='bbox 1201 3789 1397 3836; x_wconf 88' lang='lat' dir='ltr'>novas</span> <span class='ocrx_word' id='word_1_263' title='bbox 1443 3772 1864 3838; x_wconf 84' lang='lat' dir='ltr'>caerimonias</span> <span class='ocrx_word' id='word_1_264' title='bbox 1908 3773 2158 3853; x_wconf 89' lang='lat' dir='ltr'>accepit</span> <span class='ocrx_word' id='word_1_265' title='bbox 2201 3772 2417 3837; x_wconf 86' lang='lat' dir='ltr'>addito</span> <span class='ocrx_word' id='word_1_266' title='bbox 2466 3772 2780 3836; x_wconf 86' lang='lat' dir='ltr'>sodalium</span> 
     </span>
     <span class='ocr_line' id='line_1_33' title="bbox 395 3874 2778 3957; baseline 0.002 -20"><span class='ocrx_word' id='word_1_267' title='bbox 395 3874 840 3955; x_wconf 83' lang='lat' dir='ltr'>Augustalium</span> <span class='ocrx_word' id='word_1_268' title='bbox 886 3874 1262 3956; x_wconf 86' lang='lat' dir='ltr'>sacerdoti0‚</span> <span class='ocrx_word' id='word_1_269' title='bbox 1312 3882 1383 3939; x_wconf 94' lang='lat' dir='ltr'>ut</span> <span class='ocrx_word' id='word_1_270' title='bbox 1413 3876 1732 3957; x_wconf 88' lang='lat' dir='ltr'>quondam</span> <span class='ocrx_word' id='word_1_271' title='bbox 1777 3875 1957 3940; x_wconf 87' lang='lat' dir='ltr'>Titus</span> <span class='ocrx_word' id='word_1_272' title='bbox 2003 3874 2224 3940; x_wconf 88' lang='lat' dir='ltr'>Tatius</span> <span class='ocrx_word' id='word_1_273' title='bbox 2269 3876 2623 3940; x_wconf 89' lang='lat' dir='ltr'>retinendis</span> <span class='ocrx_word' id='word_1_274' title='bbox 2671 3875 2778 3941; x_wconf 89' lang='lat' dir='ltr'>Sa-</span> 
     </span>
     <span class='ocr_line' id='line_1_34' title="bbox 398 3976 2778 4060; baseline 0.002 -20"><span class='ocrx_word' id='word_1_275' title='bbox 398 3976 688 4041; x_wconf 92' lang='lat' dir='ltr'>binorum</span> <span class='ocrx_word' id='word_1_276' title='bbox 748 3979 946 4043; x_wconf 87' lang='lat' dir='ltr'>sacris</span> <span class='ocrx_word' id='word_1_277' title='bbox 1007 3978 1258 4044; x_wconf 92' lang='lat' dir='ltr'>sodales</span> <span class='ocrx_word' id='word_1_278' title='bbox 1303 3978 1503 4046; x_wconf 89' lang='lat' dir='ltr'>Titios</span> <span class='ocrx_word' id='word_1_279' title='bbox 1563 3980 1946 4045; x_wconf 90' lang='lat' dir='ltr'>instituerat.</span> <span class='ocrx_word' id='word_1_280' title='bbox 2012 3985 2185 4044; x_wconf 89' lang='lat' dir='ltr'>sorte</span> <span class='ocrx_word' id='word_1_281' title='bbox 2230 3980 2401 4044; x_wconf 89' lang='lat' dir='ltr'>ducti</span> <span class='ocrx_word' id='word_1_282' title='bbox 2462 3997 2498 4043; x_wconf 91' lang='lat' dir='ltr'><strong>e</strong></span> <span class='ocrx_word' id='word_1_283' title='bbox 2544 3979 2778 4060; x_wconf 91' lang='lat' dir='ltr'>primo-</span> 
     </span>
     <span class='ocr_line' id='line_1_35' title="bbox 399 4080 2778 4164; baseline 0.002 -20"><span class='ocrx_word' id='word_1_284' title='bbox 399 4080 579 4145; x_wconf 90' lang='lat' dir='ltr'>ribus</span> <span class='ocrx_word' id='word_1_285' title='bbox 625 4081 902 4146; x_wconf 88' lang='lat' dir='ltr'>civitatis</span> <span class='ocrx_word' id='word_1_286' title='bbox 949 4101 1110 4148; x_wconf 87' lang='lat' dir='ltr'>unus</span> <span class='ocrx_word' id='word_1_287' title='bbox 1171 4087 1238 4147; x_wconf 89' lang='lat' dir='ltr'>et</span> <span class='ocrx_word' id='word_1_288' title='bbox 1279 4084 1540 4164; x_wconf 87' lang='lat' dir='ltr'>viginti:</span> <span class='ocrx_word' id='word_1_289' title='bbox 1604 4082 1901 4147; x_wconf 89' lang='lat' dir='ltr'>Tiberius</span> <span class='ocrx_word' id='word_1_290' title='bbox 1944 4082 2319 4163; x_wconf 87' lang='lat' dir='ltr'>Drususque</span> <span class='ocrx_word' id='word_1_291' title='bbox 2364 4089 2430 4147; x_wconf 92' lang='lat' dir='ltr'>et</span> <span class='ocrx_word' id='word_1_292' title='bbox 2476 4080 2778 4148; x_wconf 85' lang='lat' dir='ltr'>Claudius</span> 
     </span>
     <span class='ocr_line' id='line_1_36' title="bbox 398 4183 2779 4269; baseline 0.002 -21"><span class='ocrx_word' id='word_1_293' title='bbox 398 4188 462 4248; x_wconf 91' lang='lat' dir='ltr'>et</span> <span class='ocrx_word' id='word_1_294' title='bbox 506 4183 924 4251; x_wconf 87' lang='lat' dir='ltr'>Germanicus</span> <span class='ocrx_word' id='word_1_295' title='bbox 969 4187 1347 4251; x_wconf 88' lang='lat' dir='ltr'>adiciuntur.</span> <span class='ocrx_word' id='word_1_296' title='bbox 1394 4186 1576 4251; x_wconf 89' lang='lat' dir='ltr'>ludos</span> <span class='ocrx_word' id='word_1_297' title='bbox 1609 4186 1992 4266; x_wconf 81' lang='lat' dir='ltr'>Augustales</span> <span class='ocrx_word' id='word_1_298' title='bbox 2036 4192 2188 4250; x_wconf 91' lang='lat' dir='ltr'>tunc</span> <span class='ocrx_word' id='word_1_299' title='bbox 2215 4186 2489 4267; x_wconf 89' lang='lat' dir='ltr'>primum</span> <span class='ocrx_word' id='word_1_300' title='bbox 2522 4194 2779 4269; x_wconf 85' lang='lat' dir='ltr'>coeptos</span> 
     </span>
     <span class='ocr_line' id='line_1_37' title="bbox 396 4277 2775 4359; baseline 0.003 -8"><span class='ocrx_word' id='word_1_301' title='bbox 396 4277 681 4351; x_wconf 67' lang='lat' dir='ltr'>turbarit</span> <span class='ocrx_word' id='word_1_302' title='bbox 725 4286 1042 4355; x_wconf 73' lang='lat' dir='ltr'>discordia</span> <span class='ocrx_word' id='word_1_303' title='bbox 1079 4310 1155 4358; x_wconf 86' lang='lat' dir='ltr'>ex</span> <span class='ocrx_word' id='word_1_304' title='bbox 1187 4290 1533 4357; x_wconf 85' lang='lat' dir='ltr'>certamine</span> <span class='ocrx_word' id='word_1_305' title='bbox 1579 4289 1978 4357; x_wconf 84' lang='lat' dir='ltr'>histrionum.</span> <span class='ocrx_word' id='word_1_306' title='bbox 2029 4289 2382 4356; x_wconf 87' lang='lat' dir='ltr'>indulserat</span> <span class='ocrx_word' id='word_1_307' title='bbox 2426 4291 2486 4356; x_wconf 89' lang='lat' dir='ltr'>ei</span> <span class='ocrx_word' id='word_1_308' title='bbox 2530 4291 2775 4359; x_wconf 86' lang='lat' dir='ltr'>ludicro</span> 
     </span>
    </p>
   </div>
  </div>
 </body>
</html>
