3300 5425
1084 355 1176 407 ΑΒ
1216 355 1540 407 ΕῊΕΕΞΞΠ
1572 355 1885 407 AUGUSTI
1921 355 1961 407 1.
2001 359 2221 407 4u—4·1-.
2753 359 2829 419 El

448 551 772 627 indignum
824 555 976 611 erat.
1044 547 1328 627 primane
1376 555 1436 607 ut
1488 547 1833 607 vir-ensium
1889 547 2185 623 legumes,
2253 547 2361 607 illa
2405 547 2601 627 {Quis
2649 567 2685 611 a
2729 547 2833 611 Ti-

444 653 624 715 herio
676 651 972 732 abneptis,
1024 659 1092 715 tu
1136 655 1232 711 tut
1276 651 1657 732 praeliiirillii
1709 651 1897 727 sunia,
1945 659 2041 711 tut
2089 651 2389 732 praemiis
2441 655 2641 727 aucta,
2697 671 2829 715 ean]

440 756 588 820 duci
660 764 872 820 restra
940 756 1208 836 glutiam
1280 756 1584 816 refartis?
1648 756 1813 816 huuc
1881 772 1993 832 egr]
2049 756 2337 820 nuntium
2409 756 2593 836 patri,
2665 756 2833 820 laet-a

440 860 652 924 omnia
700 860 844 924 aliis
892 880 924 924 e
972 860 1312 940 provinciis
1384 860 1689 936 audienti,
1737 860 1985 924 feram?
2053 860 2253 940 ipsius
2313 860 2569 940 tirones,
2633 860 2833 940 ipsius

444 970 776 1028 veteranus
824 984 944 1028 nou
992 964 1312 1040 missinae,
1364 984 1484 1024 non
1532 964 1805 1044 pecunia..
1849 964 2145 1028 satiatos:
2197 964 2297 1024 liic
2345 968 2589 1028 tantum
2641 964 2829 1028 inter-

436 1064 540 1132 fici
592 1068 1012 1144 centurinnes,
1064 1068 1180 1132 eici
1228 1068 1536 1144 tribunos,
1604 1068 1837 1128 includi
1889 1068 2149 1144 legatus,
2217 1068 2473 1148 [infecta
2521 1068 2829 1148 sanguine

436 1180 644 1236 castra
688 1172 996 1252 [iminium]
1044 1192 1268 1252 meque
1320 1172 1673 1252 precariam
1721 1172 1993 1236 animam
2025 1172 2193 1236 inter
2225 1172 2505 1236 infensus
2553 1172 2825 1236 trahat-e.

612 1276 712 1340 43.
764 1272 888 1340 Cur
936 1276 1100 1340 enim
1152 1276 1352 1356 primu
1400 1276 1717 1340 continuis
1761 1276 1865 1340 ilie
1893 1276 2129 1340 ferrum
2161 1276 2337 1352 illud,
2385 1276 2553 1356 quud
2585 1276 2825 1356 pectori

434 1400 580 1444 ruer]
628 1376 888 1457 infigere
931 1380 1256 1459 parabam,
1304 1380 1693 1458 detraxistis,
1745 1400 1781 1440 ss
1837 1380 2145 1458 inprovidi
2197 1380 2429 1440 amieis-'¹
2493 1380 2717 1440 melius
2765 1384 2829 1444 et

444 1482 764 1546 amantius
823 1481 930 1545 ille
991 1481 1099 1562 qui
1161 1480 1444 1561 gladium
1505 1479 1830 1547 offerebat.
1893 1480 2267 1545 cecidissem
2327 1486 2501 1545 certe
2545 1482 2820 1544 nondum

433 1590 535 1647 tot
593 1584 977 1665 flagitiorum
1045 1584 1351 1649 exercitui
1420 1603 1564 1648 meo
1626 1586 1949 1663 conscius;
2016 1584 2335 1664 legissetis
2398 1585 2640 1665 ducem,
2711 1586 2821 1666 qui

433 1706 641 1751 meam
689 1688 946 1768 quidem
1008 1694 1277 1753 mortem
1338 1690 1695 1769 inpunitam
1756 1690 2014 1768 sineret,
2062 1688 2216 1753 Vari
2261 1694 2475 1752 tamen
2523 1693 2587 1752 et
2629 1689 2817 1751 trium

431 1792 753 1873 legionum
800 1792 1231 1857 ulcisceretur.
1279 1811 1488 1872 neque
1533 1793 1703 1856 enim
1750 1792 1815 1856 di
1846 1793 2058 1856 sinant
2100 1796 2173 1856 ut
2200 1790 2559 1870 Belgarum,
2608 1810 2820 1872 quam-

434 1914 625 1976 quam
673 1894 1070 1961 offerentium
1102 1921 1378 1982 operam,
1427 1896 1620 1960 decus
1660 1895 1831 1960 istud
1863 1901 1929 1960 et
1960 1894 2269 1959 claritudo
2303 1895 2403 1974 sit,
2453 1896 2821 1960 subvenisse

431 2000 718 2064 Romano
764 2000 1023 2077 nomini,
1073 2001 1527 2081 compressisse
1573 2000 1957 2064 Germaniae
1988 1999 2275 2088 populos.
2323 2004 2453 2078 tua,
2502 1998 2645 2062 dive
2690 2000 2820 2063 Au-

431 2108 634 2183 guste,
682 2105 855 2168 caelo
901 2110 1160 2186 recepta
1202 2123 1400 2185 menS,
1450 2111 1578 2185 tua,
1628 2110 1812 2186 pater
1840 2105 2067 2184 Druse,
2113 2105 2341 2184 image,
2390 2103 2483 2167 tui
2513 2104 2821 2168 memoria

432 2208 636 2273 isdem
711 2208 853 2272 istis
921 2226 1063 2271 cum
1124 2209 1454 2290 militibus,
1527 2228 1684 2291 quos
1752 2210 1880 2273 iam
1945 2208 2151 2291 pudor
2220 2214 2285 2273 et
2342 2207 2543 2288 gloria
2601 2208 2817 2287 intrat,

434 2312 649 2376 eluant
693 2311 853 2375 hanc
897 2312 1210 2375 maculam
1256 2314 1513 2394 irasque
1545 2313 1764 2378 civiles
1809 2315 1876 2377 in
1908 2314 2173 2377 exitium
2216 2312 2505 2376 hostibus
2547 2316 2816 2376 vertant.

431 2434 543 2478 vos
591 2415 915 2498 [quoque],
980 2436 1248 2497 quorum
1309 2418 1433 2490 alia
1478 2436 1644 2481 nunc
1704 2436 1833 2497 ora,
1900 2416 2027 2480 alia
2072 2421 2333 2497 pectora
2379 2420 2695 2495 contueor,
2761 2417 2817 2480 si

428 2518 672 2598 legatos
719 2520 986 2599 senatui,
1037 2521 1410 2601 obsequium
1442 2522 1835 2601 imperatori,
1868 2522 1923 2585 si
1955 2519 2108 2584 mihi
2144 2520 2474 2598 coniugem
2508 2525 2573 2583 et
2614 2518 2815 2583 filium

429 2622 715 2701 redditis,
764 2606 1074 2701 discedite
1127 2643 1165 2687 a
1217 2629 1508 2689 contactu
1553 2644 1629 2689 ac
1674 2624 1941 2689 dividite
1982 2623 2304 2689 turbidos:
2352 2622 2419 2685 id
2464 2623 2690 2687 stabile
2735 2625 2816 2688 ad

429 2727 906 2807 paenitentiam,
953 2727 1019 2790 id
1064 2725 1213 2792 fidei
1260 2729 1577 2792 vinculum
1624 2725 1787 2794 erit.’

599 2829 704 2894 44.
753 2828 1086 2911 Supplices
1148 2831 1226 2894 ad
1274 2832 1431 2896 haec
1477 2838 1544 2897 et
1585 2853 1739 2898 vera
1800 2834 2168 2914 exprobrari
2227 2831 2506 2897 fatentes
2551 2833 2819 2897 orabant

433 2934 688 3014 puniret
731 2933 972 3011 noxios,
1035 2935 1393 3014 ignosceret
1435 2937 1632 3018 lapsis
1680 2943 1744 3002 et
1787 2936 2049 3012 duceret
2110 2937 2173 2999 in
2217 2935 2494 3000 hostem:
2559 2955 2814 3001 revoca-

428 3043 604 3100 retur
651 3037 939 3117 coniunx,
989 3037 1231 3103 rediret
1273 3040 1590 3120 legionum
1621 3041 1915 3105 alumnus
1946 3057 2106 3103 neve
2152 3039 2336 3103 obses
2367 3039 2570 3104 Gallis
2600 3041 2813 3105 trade-

428 3145 622 3204 retur.
668 3141 944 3204 reditum
1006 3141 1396 3223 Agrippinae
1457 3145 1784 3208 excusavit
1844 3144 1923 3208 ob
1968 3142 2385 3206 inminentem
2448 3149 2698 3222 partum
2747 3151 2812 3209 et

426 3243 735 3321 hiemem3
800 3249 1130 3308 venturum
1175 3243 1408 3309 filium:
1474 3253 1687 3311 cetera
1731 3248 1855 3328 ipsi
1902 3249 2387 3326 exequerentur.
2452 3245 2812 3311 discurrunt

427 3349 654 3412 mutati
700 3352 766 3412 et
809 3348 1363 3412 seditiosissimum
1409 3369 1726 3432 quemque
1785 3350 2029 3414 vinctos
2086 3347 2348 3413 trahunt
2408 3348 2488 3411 ad
2532 3348 2811 3428 legatum

426 3451 694 3531 legionis
739 3452 983 3533 primae
1017 3450 1082 3516 C.
1119 3450 1542 3533 Caetronium,
1591 3456 1700 3534 qui
1731 3453 2037 3518 iudicium
2067 3459 2133 3518 et
2167 3470 2407 3535 poenas
2440 3453 2519 3518 de
2550 3454 2815 3534 singulis

429 3555 495 3617 in
543 3554 709 3618 hunc
752 3556 1008 3619 modum
1057 3556 1358 3620 exercuit.
1408 3557 1664 3621 stabant
1707 3576 1821 3638 pro
1855 3558 2147 3621 contione
2175 3557 2460 3637 legiones
2492 3556 2813 3620 destrictis

427 3657 691 3736 gladiis3
736 3677 884 3724 reus
927 3661 995 3723 in
1026 3664 1345 3738 suggestu
1373 3678 1488 3740 per
1515 3660 1842 3723 tribunum
1873 3660 2345 3724 ostendebatur.
2395 3661 2448 3723 si
2481 3664 2814 3722 nocentem

429 3761 955 3842 adclamaverant,
1005 3781 1310 3845 praeceps
1343 3763 1528 3827 datus
1557 3764 2015 3829 trucidabatur.
2062 3769 2128 3828 et
2156 3762 2477 3844 gaudebat
2513 3763 2813 3827 caedibus

405 3860 624 3943 'miles
688 3870 1011 3946 tamquam
1073 3871 1277 3931 semet
1340 3866 1693 3942 exolveret3
1754 3886 1872 3931 nec
1937 3866 2173 3933 Caesar
2231 3867 2506 3945 arcebat,
2555 3866 2807 3946 quando

425 3968 596 4032 nullo
656 3970 858 4050 ipsius
917 3970 1094 4035 iussu
1153 3988 1350 4050 penes
1411 3970 1669 4034 eosdem
1729 3971 1998 4034 saevitia
2055 3969 2208 4035 facti
2259 3977 2324 4035 et
2368 3971 2608 4034 invidia
2654 3976 2809 4034 erat.

426 4073 625 4137 secuti
672 4072 1030 4153 exemplum
1074 4075 1356 4137 veterani
1417 4073 1586 4137 haud
1632 4074 1831 4138 multo
1891 4080 2035 4154 post
2078 4076 2143 4138 in
2188 4075 2481 4139 Raetiam
2542 4076 2806 4138 mittun-

426 4183 548 4256 tur,
596 4177 808 4260 specie
853 4175 1291 4243 defendendae
1335 4179 1700 4260 provinciae
1748 4178 1826 4244 ob
1873 4178 2264 4244 imminentis
2313 4178 2573 4259 Suebos,
2638 4183 2806 4242 cete-
