3300 5425
916 463 1012 515 ,aa
1044 463 1360 515 manassi]
1392 463 1701 515 ‚auuus‘si
1733 467 1797 515 11.
1837 471 2053 515 ιμ-εει..
2589 471 2665 527 4?

304 659 472 719 *licus
520 675 640 735 qun
688 655 892 727 maffia
952 655 1464 731 ailgnuscerrtur.
1528 655 1890 715 detraxerat
1953 655 2229 731 tegimen
2297 655 2485 731 sapiri
2533 671 2671 715 *ura÷

304 765 532 840 batque
580 759 948 824 insisterent.
996 759 1324 820 caedibus:
1392 759 1472 820 111¹!
1524 780 1681 840 tipus
1733 759 2013 836 caint-iris,
2065 759 2257 820 sulani
2309 759 2673 820 intel-niem

304 884 428 927 uem
484 864 688 940 gentis
736 860 924 924 finem
976 864 1136 924 bellu
1184 864 1336 924 fure..
1404 864 1657 940 iamque
1701 880 1845 924 seru
1893 860 2017 924 llis-l
2073 860 2369 924 subducit
2413 880 2489 924 ex
2537 864 2673 924 acie

296 968 604 1040 flagianum
668 964 976 1028 faciendis
1036 968 1292 1028 castris:
1364 976 1616 1028 ueterem
1677 964 1749 1024 ad
1801 972 2045 1028 nuciam
2113 984 2333 1028 artiore
2397 964 2669 1024 husi-ium

296 1072 564 1136 satiatae
612 1076 772 1132 sinit.
824 1072 1072 1148 equitus
1120 1072 1412 1144 {inliditur
1460 1076 1797 1132 uariaret-e.

460 1176 564 1236 22.
652 1172 952 1236 Isau-:latis
1040 1192 1148 1252 pru
1220 1176 1508 1236 cautinus
1576 1172 1917 1236 vilitatibus
1997 1172 2229 1236 Caesar
2313 1172 2669 1248 sulingen-iem

296 1296 616 1340 armorum
664 1276 912 1356 struxit,
976 1276 1252 1356 supet-lm
1300 1296 1436 1340 cum
1488 1276 1705 1340 titula:
1769 1276 2101 1340 debellatis
2165 1276 2329 1340 inter
2389 1280 2673 1340 Rhenum

291 1384 624 1460 Albimque
688 1380 1052 1444 uatiifflihus
1112 1380 1460 1444 eremitam
1520 1380 1761 1444 ‘filim-ii
1829 1380 2117 1444 Caesaris
2165 1400 2241 1444 aa
2293 1384 2669 1444 niuuinifflta

289 1487 479 1547 Marti
528 1492 593 1547 et
648 1484 782 1546 Iovi
830 1492 894 1547 et
950 1488 1236 1562 Augusto
1298 1488 1664 1548 sacravisse.
1729 1484 1809 1547 de
1855 1504 1925 1547 se
1970 1484 2125 1546 nihil
2171 1484 2435 1562 addidit,
2501 1492 2672 1548 metu

289 1587 571 1651 invidiae
614 1604 697 1648 an
743 1591 916 1649 ratus
979 1588 1428 1649 conscientiam
1487 1585 1636 1649 facti
1700 1587 1855 1650 satis
1900 1605 2061 1650 esse.
2126 1605 2267 1649 mox
2329 1587 2561 1651 bellum
2608 1590 2673 1651 in

287 1690 725 1771 Ampsivarios
758 1687 1062 1753 Stertinio
1097 1688 1371 1767 mandat,
1404 1690 1467 1751 ni
1501 1689 1889 1753 deditionem
1921 1691 2449 1771 properavisseut.
2482 1698 2674 1771 atque

286 1792 375 1857 illi
425 1793 747 1875 supplices
793 1793 950 1856 nihil
995 1793 1330 1856 abnuendo
1377 1794 1626 1857 veniam
1674 1796 1953 1859 omnium
2000 1811 2322 1874 accepere.

461 1898 563 1961 23.
613 1894 738 1959 Sed
787 1901 1030 1959 aestate
1076 1897 1202 1959 iam
1265 1896 1477 1960 adulta
1535 1898 1851 1976 legionum
1900 1898 2065 1962 aliae
2111 1899 2340 1962 itinere
2386 1900 2674 1963 terrestri

288 2002 350 2063 in
382 2000 796 2065 hibernacula
840 1999 1180 2075 remissae,
1228 1999 1440 2081 plures
1475 1999 1709 2064 Caesar
1740 2002 1926 2065 classi
1960 2002 2266 2082 inpositas
2297 2021 2411 2081 per
2439 2002 2673 2066 flumen

285 2104 594 2168 Amisiam
642 2103 898 2167 Oceano
945 2105 1203 2168 invexit.
1255 2122 1328 2166 ac
1357 2105 1560 2184 primo
1592 2105 1911 2185 placidum
1947 2124 2185 2186 aequor
2217 2106 2389 2170 mille
2419 2106 2674 2168 navium

287 2209 482 2271 remis
529 2214 816 2288 strepere
861 2215 971 2271 aut
1017 2207 1172 2271 velis
1218 2208 1468 2288 inpelli:
1533 2226 1675 2270 mox
1722 2214 1860 2271 atro
1910 2210 2166 2274 nubium
2228 2211 2412 2290 globo
2478 2207 2675 2273 effusa

287 2312 552 2391 grando,
599 2312 788 2376 simul
833 2313 1026 2375 variis
1061 2312 1339 2391 undique
1384 2311 1677 2392 procellis
1723 2313 1946 2377 incerti
1994 2312 2221 2378 fluctus
2267 2321 2673 2395 prospectum

286 2418 589 2495 adimere,
639 2417 923 2496 regimen
970 2416 1294 2496 inpedire;
1355 2415 1666 2496 milesque
1727 2418 1997 2498 pavidus
2057 2424 2121 2482 et
2167 2436 2423 2482 casuum
2480 2421 2673 2482 maris

285 2521 546 2600 ignarus
605 2521 755 2584 dum
813 2520 1029 2583 turbat
1086 2525 1312 2587 nautas
1361 2520 1455 2583 vel
1519 2521 1960 2601 intempestive
2019 2522 2211 2601 iuvat,
2275 2520 2484 2586 officia
2526 2542 2675 2603 pru-

286 2624 572 2689 dentium
620 2624 1078 2704 corrumpebat.
1145 2641 1330 2686 omne
1377 2623 1605 2687 dehinc
1667 2624 1909 2688 caelum
1986 2634 2051 2689 et
2124 2645 2299 2690 mare
2362 2645 2545 2690 omne
2606 2629 2670 2689 in

288 2736 574 2794 austrum
622 2729 829 2806 cessit,
877 2729 984 2808 qui
1025 2727 1258 2791 umidis
1303 2726 1686 2792 Germaniae
1731 2732 1936 2809 terriS,
1986 2729 2316 2810 profundis
2363 2733 2672 2810 amnibuS,

287 2833 598 2897 immenso
665 2832 930 2895 nubium
996 2836 1203 2896 tractu
1266 2831 1513 2896 validus
1575 2839 1640 2897 et
1700 2835 1909 2912 rigore
1971 2835 2158 2898 vicini
2222 2837 2672 2916 septentrionis

288 2935 606 3001 horridior
651 2937 866 3018 rapuit
910 2936 1287 3016 disiecitque
1348 2953 1542 2999 naves
1587 2937 1650 2999 in
1699 2943 1921 3017 aperta
1976 2937 2215 3002 Oceani
2252 2946 2392 3004 aut
2435 2939 2675 3003 insulas

285 3041 458 3104 saxis
504 3039 792 3121 abruptis
823 3040 921 3103 vel
962 3059 1075 3121 per
1106 3040 1350 3103 occulta
1383 3039 1545 3102 vada
1575 3039 1856 3104 infestas.
1906 3042 2134 3121 quibus
2167 3045 2424 3122 paulum
2454 3062 2677 3122 aegre-

294 3161 420 3222 que
491 3144 725 3223 vitatis,
796 3149 1131 3224 postquam
1198 3142 1487 3206 mutabat
1556 3148 1770 3206 aestus
1840 3144 2189 3226 eodemque
2256 3166 2379 3227 quo
2447 3154 2673 3212 ventus

288 3245 555 3325 ferebat,
603 3266 728 3310 non
773 3247 1122 3311 adhaerere
1167 3248 1434 3326 ancoris,
1486 3266 1605 3309 non
1640 3249 1977 3312 exhaurire
2008 3251 2427 3331 inrumpentis
2476 3252 2674 3315 undas

291 3357 620 3431 poterant:
690 3352 856 3430 equi,
918 3351 1217 3429 iumenta,
1289 3353 1596 3431 sarcinae,
1662 3355 1854 3416 etiam
1916 3373 2091 3417 arma
2151 3356 2666 3436 praecipitantur,

292 3474 418 3534 quo
465 3456 826 3518 levarentur
870 3455 1051 3532 alvei,
1100 3461 1428 3519 manantes
1475 3475 1588 3536 per
1624 3457 1827 3520 latera
1860 3463 1925 3521 et
1953 3458 2147 3521 fluctu
2197 3465 2670 3539 superurgente.

467 3557 566 3622 24
615 3558 864 3634 Quanto
926 3558 1260 3622 violentior
1321 3565 1530 3623 cetero
1595 3563 1753 3625 mari
1818 3565 2109 3627 Oceanus
2168 3569 2233 3626 et
2292 3565 2674 3628 truculentia

292 3663 452 3726 caeli
494 3667 782 3743 praestat
839 3661 1200 3741 Germania,
1265 3670 1509 3727 tantum
1569 3665 1677 3727 illa
1725 3666 1935 3729 clades
1996 3667 2277 3732 novitate
2324 3673 2390 3732 et
2432 3670 2670 3748 magni-

291 3766 515 3830 tudine
562 3767 850 3845 excessit,
900 3765 1232 3830 hostilibus
1281 3769 1515 3830 circum
1562 3769 1857 3833 litoribus
1904 3776 2014 3834 aut
2060 3773 2147 3834 ita
2196 3777 2371 3835 vasto
2419 3778 2482 3835 et
2528 3792 2673 3852 pro·

289 3869 502 3950 fundo,
554 3876 622 3933 ut
665 3869 958 3932 credatur
1005 3872 1416 3935 novissimum
1462 3892 1536 3935 ac
1567 3873 1705 3936 sine
1749 3876 1935 3938 terris
1983 3892 2175 3937 mare.
2223 3894 2370 3954 pars
2417 3877 2668 3938 navium

293 3973 559 4036 haustae
605 3979 768 4052 sunt,
815 3973 1027 4053 plures
1075 3975 1241 4054 apud
1289 3977 1526 4040 insulas
1557 3977 1806 4056 longius
1854 3980 2007 4041 sitas
2042 3980 2317 4055 eiectae,
2368 3979 2676 4059 milesque

293 4077 463 4140 nullo
526 4077 656 4141 illic
713 4077 1036 4140 hominum
1099 4078 1268 4141 cultu
1328 4079 1496 4142 fame
1558 4081 1945 4162 absumptus,
2012 4083 2131 4146 nisi
2196 4101 2351 4162 quos
2415 4101 2676 4163 corpora

292 4198 598 4259 equorum
645 4180 868 4243 eodem
900 4182 1058 4244 elisa
1102 4182 1542 4248 toleraverant.
1580 4186 1712 4247 sola
1744 4184 2107 4249 Germanici
2143 4187 2420 4250 triremis
2471 4185 2675 4250 Chau-

300 4303 512 4347 corum
580 4291 812 4347 terram
880 4283 1157 4363 adpulin
1229 4303 1413 4363 quenl
1477 4307 1589 4367 per
1649 4307 1865 4351 [illinus
1929 4291 2069 4351 illus
2137 4291 2273 4353 dies
2334 4296 2679 4371 noctesque
