3300 5425
512 411 584 471 12
1384 407 1729 459 trum-{Elin
1769 407 2009 459 ‘rAfflTI

504 603 724 679 versia
772 607 840 663 et
868 615 1120 663 caruere
1156 595 1412 663 effi-aeto
1460 599 1709 663 solvunt
1757 599 2001 663 vinnula
2045 599 2533 679 desertoresque
2581 619 2653 663 aa
2689 619 2897 663 rerum

504 703 872 788 saliitalium
920 703 1252 768 damnatos
1296 703 1416 768 sibi
1468 703 1596 768 iam
1644 707 1929 768 luissent.

676 808 780 872 ΕΞ.
828 808 1228 887 Flam-autim-
1264 808 1412 872 iude
1444 808 1556 884 ris,
1608 808 1821 888 plures
1857 808 2149 872 seditioni
2189 811 2397 872 [luces.
2449 816 2513 872 et
2549 808 2901 872 Vibulenus

504 912 760 992 quitiam
812 912 1140 992 aregarius
1188 912 1388 988 miles,
1452 920 1600 976 aute
1644 912 1921 976 tribuual
1985 912 2197 976 Blaesi,
2245 912 2573 976 adlevatus
2633 916 2901 976 cirrium-

504 1020 808 1080 stautiuffl
868 1016 1124 1092 ameria
1192 1016 1360 1096 apud
1420 1016 1713 1080 turbatus
1777 1022 1837 1080 et
1897 1016 2049 1096 quid
2113 1024 2369 1096 pararet
2429 1020 2705 1080 intentus
2769 1012 2897 1080 ‘vus

504 1116 780 1200 quidem*
828 1120 1032 1200 iuquit
1076 1116 1192 1184 'his
1240 1120 1685 1184 innocentibus
1729 1128 1797 1184 et
1825 1123 2197 1184 miserrimis
2249 1120 2449 1184 limem
2497 1128 2561 1184 et
2605 1120 2897 1200 spiritum

508 1224 908 1288 reddidistis:
960 1224 1072 1288 sed
1120 1224 1260 1304 quis
1308 1220 1484 1288 fratri
1536 1244 1677 1288 meu
1709 1228 1925 1300 vitain,
1973 1228 2117 1304 quis
2145 1224 2405 1288 fratrem
2441 1226 2593 1288 milii
2641 1224 2901 1288 reddit?

504 1348 696 1408 quem
744 1332 1004 1392 missum
1040 1328 1116 1388 ad
1148 1348 1260 1392 vus
1292 1348 1328 1388 a
1360 1328 1741 1392 Germanici-1
1789 1328 2073 1392 effla-situ
2121 1328 2201 1392 tle
2249 1328 2685 1392 emiliuuuilms
2733 1346 2897 1388 uum-

500 1430 707 1495 modis
765 1435 949 1495 nocte
1015 1431 1306 1511 proxima
1372 1432 1647 1495 Blaesus
1711 1430 2024 1510 iugulavit
2088 1450 2203 1512 per
2262 1430 2649 1511 gladiatores
2722 1448 2892 1509 SUOS,

504 1554 663 1617 quos
708 1536 775 1600 in
823 1535 1088 1627 exitium
1147 1533 1422 1597 militum
1482 1532 1678 1598 habet
1737 1540 1927 1614 atque
1973 1540 2194 1598 armat.
2251 1535 2584 1615 responde,
2648 1534 2896 1612 Blaese,

502 1639 613 1703 ubi
659 1637 928 1703 cadaver
973 1638 1318 1701 abieceris:
1368 1656 1447 1700 ne
1480 1636 1696 1702 hostes
1728 1638 1987 1719 quidem
2032 1638 2359 1720 sepultura
2405 1639 2709 1703 invident.
2758 1655 2900 1701 cum

502 1740 942 1818 osculis,'cum
990 1740 1268 1805 lacrimis
1316 1740 1599 1806 dolorem
1645 1760 1860 1806 meum
1905 1742 2269 1823 implevero,
2318 1760 2420 1806 me
2466 1760 2721 1823 quoque
2763 1747 2899 1805 tru-

502 1845 703 1911 cidari
747 1846 917 1923 iube,
968 1844 1118 1908 dum
1166 1843 1535 1909 interfectos
1581 1845 1822 1909 nullum
1869 1846 1948 1908 ob
1995 1845 2218 1925 seclae,
2276 1846 2388 1910 sed
2436 1848 2589 1927 quia
2633 1845 2900 1910 utilitati

499 1950 824 2029 legionum
871 1948 1375 2025 consulebamus,
1422 1948 1488 2013 hi
1536 1944 1889 2029 sepeliant?

674 2053 779 2117 23.
825 2051 1216 2117 Incendebat
1260 2051 1419 2115 haec
1477 2052 1628 2117 fietu
1678 2058 1744 2117 et
1787 2059 2009 2134 pectus
2055 2060 2247 2133 atque
2306 2071 2375 2118 os
2422 2054 2713 2118 manibus
2758 2072 2898 2117 ver-

499 2158 749 2221 berans.
798 2174 945 2219 mox
992 2155 1281 2219 disiectis
1329 2175 1597 2236 quorum
1643 2176 1759 2238 per
1791 2175 2043 2221 umeros
2089 2158 2544 2236 sustinebatur,
2594 2176 2901 2239 praeceps

501 2266 568 2325 et
611 2260 1003 2340 singulorum
1048 2258 1321 2339 pedibus
1368 2259 1703 2325 advolutus
1732 2266 1979 2325 tantum
2012 2260 2542 2325 consternationis
2589 2261 2899 2325 invidiae-

502 2385 626 2446 que
673 2364 964 2442 concivit,
1027 2369 1100 2427 ut
1143 2381 1292 2443 pars
1336 2363 1608 2427 militum
1670 2363 2075 2443 gladiatores
2138 2365 2246 2444 qui
2294 2382 2330 2427 e
2376 2365 2634 2429 servitio
2683 2364 2896 2429 Blaesi

501 2474 702 2547 erant,
766 2485 915 2548 pars
977 2471 1256 2531 ceteram
1319 2467 1606 2531 eiusdem
1667 2466 1973 2531 familiam
2018 2468 2346 2546 vincirent,
2410 2467 2518 2530 alii
2572 2468 2653 2531 ad
2701 2487 2898 2549 quae-

502 2572 769 2636 rendum
817 2589 1044 2653 corpus
1092 2569 1588 2634 effunderentur.
1639 2590 1713 2634 ac
1758 2572 1822 2634 ni
1853 2589 2126 2653 propere
2171 2589 2378 2650 neque
2424 2590 2651 2652 corpus
2700 2573 2899 2635 ullum

501 2676 792 2758 reperiri,
857 2682 923 2741 et
967 2693 1181 2740 servos
1227 2674 1531 2740 adhibitis
1593 2674 1977 2738 cruciatibus
2024 2674 2303 2739 abnuere
2348 2675 2627 2755 caedem,
2687 2695 2897 2758 neque

500 2780 594 2845 illi
639 2779 840 2844 fuisse
885 2797 1186 2860 umquam
1228 2777 1492 2843 fratrem
1536 2779 1983 2859 pernotuisset,
2043 2776 2213 2842 haud
2256 2780 2522 2844 multum
2569 2780 2649 2844 ab
2696 2783 2897 2846 exitio

499 2885 697 2965 legati
742 2884 1025 2948 aberant.
1074 2883 1364 2947 tribunos
1393 2887 1608 2945 tamen
1639 2899 1713 2944 ac
1744 2879 2137 2964 praefectum
2164 2888 2510 2947 castrorum
2543 2890 2896 2962 extrusere,

503 2989 791 3054 sarcinae
850 2987 1230 3068 fugientium
1291 2987 1598 3067 direptae,
1668 2989 1731 3049 et
1791 2985 2079 3048 centurio
2147 2985 2426 3051 Lucilius
2494 2986 2893 3068 interficitur,

502 3093 601 3157 cui
648 3091 1030 3156 militaribus
1074 3089 1324 3156 facetiis
1367 3089 1745 3154 vocabulum
1788 3083 1962 3151 ‘cedo
2011 3084 2291 3152 alteram’
2323 3090 2706 3171 indiderant,
2744 3095 2898 3173 quia

499 3195 702 3259 fracta
749 3194 877 3259 vite
922 3195 989 3258 in
1040 3200 1217 3275 tergo
1278 3195 1502 3258 militis
1561 3192 1828 3256 alteram
1891 3192 2059 3254 clara
2105 3211 2258 3256 voce
2319 3211 2391 3256 ac
2436 3213 2654 3260 rursus
2702 3196 2896 3260 aliam

501 3299 823 3380 poscebat.
889 3304 1135 3363 ceteros
1194 3298 1479 3362 latebrae
1538 3301 1779 3373 texere,
1842 3313 1965 3357 uno
2030 3301 2273 3360 retento
2338 3295 2666 3363 Clemente
2709 3298 2895 3381 Iulio,

501 3403 608 3483 qui
655 3401 1054 3483 perferendis
1085 3402 1359 3465 militum
1391 3399 1710 3463 mandatis
1741 3398 2093 3462 habebatur
2122 3399 2388 3464 idoneus
2420 3401 2499 3466 ob
2531 3410 2895 3484 promptum

500 3507 846 3586 ingenium.
903 3507 1056 3586 quin
1102 3506 1283 3585 ipsae
1329 3505 1495 3568 inter
1541 3521 1610 3566 se
1653 3502 1939 3582 legiones
1985 3508 2206 3566 octava
2251 3507 2316 3566 et
2360 3505 2581 3583 quinta
2626 3507 2897 3572 decuma

498 3608 740 3674 ferrum
799 3609 1129 3689 parabant,
1200 3607 1352 3670 dum
1412 3608 1845 3672 centurionem
1915 3612 2326 3685 cognomento
2396 3606 2714 3689 Sirpicum
2782 3613 2896 3675 illa

501 3713 690 3777 morti
735 3711 1040 3792 deposcit,
1089 3711 1647 3791 quintadecumani
1694 3713 1970 3788 tuentur,
2019 3710 2085 3773 ni
2116 3710 2297 3773 miles
2335 3729 2622 3776 nonanus
2668 3733 2894 3795 preces

502 3822 568 3881 et
611 3815 948 3880 adversum
995 3815 1398 3896 aspernantis
1443 3814 1650 3877 minas
1694 3812 2139 3877 interiecisset.

676 3920 778 3983 24.
825 3919 1002 3983 Haec
1046 3918 1265 3982 audita
1309 3935 1693 3998 quamquam
1753 3917 2113 3980 abstrusum
2176 3921 2241 3979 et
2283 3917 2652 3983 tristissima
2697 3941 2895 4001 quae-

504 4043 628 4104 que
672 4023 949 4086 maxime
997 4021 1414 4086 occultantem
1467 4021 1794 4085 Tiberium
1838 4018 2195 4100 perpulere,
2256 4027 2325 4083 ut
2370 4020 2646 4086 Drusum
2691 4022 2894 4090 filium

505 4147 646 4191 cum
691 4126 1079 4208 primoribus
1111 4126 1388 4190 civitatis
1419 4124 1794 4204 duabusque
1823 4106 2163 4204 praetoriis
2195 4121 2557 4192 cohortibus
2587 4129 2893 4202 mitteret,

504 4232 696 4296 nullis
743 4232 900 4295 satis
947 4231 1140 4294 certis
1185 4229 1519 4309 mandatis,
1584 4246 1661 4291 ex
1707 4246 1778 4290 re
1825 4224 2272 4290 consulturum.
2338 4233 2403 4291 et
2447 4227 2737 4296 cohortes
2783 4234 2895 4298 de-
