3300 5425
936 245 1030 297 AB
1070 244 1397 299 EXOESSU
1441 244 1756 299 AUGUSTI
1793 243 1887 299 III.
1924 250 2143 301 21—26.
2648 247 2728 307 ,Ἧι

525 439 625 500 24.
677 437 1040 500 Inlustrium
1087 436 1386 500 domuum
1432 436 1701 501 adversa
1770 439 2030 520 (etenim
2092 440 2259 504 haud
2322 440 2588 505 multum
2636 439 2728 499 tli-

336 544 543 604 stiiiiti
593 548 878 622 tempore
926 538 1253 621 Calpurnii
1301 541 1614 619 Pisonem,
1685 542 1942 608 Aemilii
1995 542 2303 625 Lepidam
2363 541 2732 619 amiserant]

336 648 585 709 solariis
633 644 867 708 adfeuit
910 643 987 707 D.
1039 642 1290 708 Silanus
1337 643 1558 707 Iuniae
1603 643 1886 709 familiae
1945 647 2253 712 redditus.
2318 665 2527 711 casum
2592 647 2732 711 eius

336 752 573 832 pausis
617 756 916 832 repetam.
968 753 1037 811 ut
1078 747 1289 811 valida
1348 748 1492 811 divo
1559 749 1848 828 Augusto
1917 752 1981 815 in
2046 770 2179 816 rem
2246 752 2560 833 publicam
2604 751 2732 811 ‘fui--

336 864 521 932 tuna,
589 856 677 920 ita
737 853 906 916 {lumi
968 847 1342 933 inprospera
1386 850 1509 915 fuit
1553 853 1633 916 ob
1678 853 2121 934 inpudicitiam
2166 852 2336 919 filiae
2381 856 2728 936 acneptis,

335 976 506 1038 quas
556 960 709 1022 urbe
755 957 1001 1039 depulit
1043 956 1494 1036 adulterosque
1557 976 1774 1021 earum
1836 963 2042 1040 morte
2104 964 2214 1023 aut
2271 957 2421 1038 fuga
2465 956 2728 1039 punivit.

334 1081 497 1123 nam
545 1062 788 1143 [eulpam
836 1063 1004 1125 inter
1048 1062 1218 1124 viros
1264 1078 1336 1122 ac
1380 1058 1649 1125 feminas
1695 1052 2013 1142 vulgatam
2082 1063 2260 1140 gravi
2304 1060 2556 1125 nomine
2604 1060 2732 1124 lae-

338 1183 561 1227 sarum
606 1166 982 1245 religionum
1032 1183 1106 1228 ac
1150 1163 1422 1227 violatae
1482 1166 1839 1230 maiestatis
1908 1167 2285 1248 appellando
2334 1165 2732 1229 clementium

341 1271 660 1333 maiorum
706 1288 983 1350 suasque
1027 1270 1168 1350 ipse
1212 1267 1386 1347 leges
1449 1269 1913 1348 egrediebatur.
1983 1270 2099 1335 sed
2167 1271 2434 1335 aliorum
2505 1272 2732 1344 esitus,

341 1371 537 1435 simul
584 1377 799 1436 cetera
843 1374 1014 1438 illius
1059 1372 1288 1437 aetatis
1350 1374 1733 1453 memorabo,
1782 1375 1838 1439 si
1884 1373 2126 1439 effectis
2171 1374 2237 1439 in
2282 1390 2446 1455 quae
2488 1372 2732 1437 tetemli

341 1479 563 1559 plures
611 1477 692 1540 ad
739 1495 923 1541 curas
967 1477 1162 1541 vitam
1208 1475 1586 1558 produxero.
1647 1476 1725 1546 D.
1774 1474 2043 1541 Silanus
2091 1479 2157 1542 in
2209 1483 2403 1559 nepte
2465 1478 2728 1556 Augusti

341 1583 614 1661 adulter,
663 1599 1048 1662 quamquam
1091 1598 1217 1644 non
1262 1580 1430 1645 ultra
1461 1578 1659 1644 vforet
1708 1580 2038 1661 saevitum,
2103 1601 2291 1663 quam
2337 1587 2411 1645 ut
2452 1584 2735 1645 amicitia

345 1683 643 1750 Caesaris
686 1685 1147 1766 prohiberetur,
1222 1682 1479 1747 exilium
1541 1684 1667 1748 sibi
1735 1684 2155 1750 demonstrari
2215 1685 2551 1764 intellexit,
2619 1704 2735 1749 nec

345 1787 473 1851 nisi
521 1787 771 1853 Tiberio
833 1788 1241 1869 imperitante
1303 1786 1633 1868 deprecari
1694 1794 1982 1854 senatum
2030 1808 2104 1853 ac
2149 1789 2501 1871 principem
2545 1806 2737 1853 ausus

349 1899 453 1955 est
497 1891 574 1955 M.
627 1890 826 1957 Silani
872 1892 1090 1956 fratris
1135 1890 1444 1972 potentia,
1517 1892 1625 1971 qui
1685 1911 1799 1974 per
1861 1893 2171 1972 insignem
2227 1893 2624 1958 nobilitatem
2671 1900 2735 1957 et

345 1995 776 2075 eloquentiam
823 1996 1265 2079 praecellebat.
1328 1995 1442 2060 sed
1502 1994 1795 2060 Tiberius
1855 1997 2055 2076 gratis
2101 1996 2314 2076 agenti
2361 1996 2576 2062 Silano
2622 2016 2733 2078 pa-

345 2099 553 2163 tribus
599 2119 806 2165 coram
857 2100 1185 2182 respondit
1230 2117 1300 2163 se
1345 2117 1598 2180 quoque
1643 2100 1888 2179 laetari,
1937 2099 2105 2181 quod
2149 2098 2349 2164 frater
2381 2102 2518 2166 eius
2553 2120 2588 2165 e
2620 2119 2729 2183 pe-

345 2206 778 2283 regrinatione
809 2206 1165 2285 'longinqua
1210 2202 1611 2281 revertisset3
1676 2203 1869 2284 idque
1915 2205 2056 2268 iure
2100 2203 2363 2285 licitum,
2415 2206 2563 2286 quia
2608 2224 2735 2270 non

345 2319 607 2373 senatus
654 2310 957 2387 consult0,
1008 2328 1134 2373 non
1177 2307 1320 2387 lege
1354 2307 1574 2388 pulsus
1603 2306 1802 2372 foret:
1852 2308 1975 2373 sibi
2009 2313 2222 2372 tamen
2254 2309 2557 2374 adversus
2590 2329 2734 2374 eum

345 2415 631 2491 integras
677 2413 960 2493 parentis
1007 2413 1105 2477 sui
1153 2409 1554 2490 offensioneS,
1618 2430 1827 2493 neque
1886 2411 2096 2476 reditu
2161 2411 2362 2478 Silani
2424 2412 2733 2478 dissoluta

349 2535 513 2595 quae
561 2517 881 2596 Augustus
927 2516 1252 2581 voluisset.
1322 2515 1444 2580 fuit
1509 2516 1776 2597 posthac
1842 2516 1907 2581 in
1980 2516 2161 2597 urbe⁸
2194 2536 2405 2599 neque
2462 2519 2733 2583 honores

349 2619 621 2703 adeptus
668 2627 781 2685 est.

525 2726 624 2791 25.
672 2727 966 2791 Relatum
1012 2726 1162 2790 dein
1210 2725 1289 2788 de
1335 2725 1727 2788 moderanda
1771 2726 1973 2807 Papia
2018 2726 2335 2808 Poppaea,
2399 2745 2589 2807 quam
2636 2745 2732 2791 se-

349 2831 493 2895 nior
541 2832 865 2911 Augustus
912 2835 1058 2911 post
1102 2829 1298 2893 Iulias
1332 2829 1705 2908 rogationes
1751 2829 2093 2895 incitandis
2154 2831 2467 2895 caelibum
2513 2833 2736 2912 poenis

353 2943 417 2999 et
461 2935 747 3016 augendo
795 2935 1042 2998 aerario
1089 2938 1404 2998 sanxerat.
1475 2952 1593 2997 nec
1661 2933 1804 2998 ideo
1875 2934 2168 3013 coniugia
2214 2940 2279 2999 et
2323 2935 2733 3001 educationes

353 3039 622 3103 liberum
666 3039 1254 3119 frequentabantur,
1299 3037 1670 3118 praevalida
1716 3038 2022 3103 orbitate:
2072 3043 2354 3102 ceterum
2398 3041 2735 3105 multitudo

353 3143 848 3223 periclitantium
879 3143 1206 3222 gliscebat,
1256 3138 1398 3204 cum
1445 3141 1648 3205 omnis
1696 3141 1920 3206 domus
1960 3140 2312 3206 delatorum
2358 3143 2737 3224 interpreta-

353 3251 631 3313 tionibus
676 3247 1171 3325 subverteretur,
1224 3251 1420 3326 utque
1465 3245 1735 3310 antehac
1779 3245 2061 3326 flagitiiS,
2124 3245 2215 3310 ita
2274 3250 2425 3310 tunc
2490 3247 2738 3327 legibus

357 3353 778 3416 laborabatur.
828 3369 904 3414 ea
951 3369 1052 3415 res
1099 3349 1414 3429 admonet,
1482 3354 1551 3412 ut
1603 3349 1690 3413 de
1749 3350 2081 3431 principiis
2143 3351 2319 3430 iuris,
2383 3355 2449 3414 et
2509 3351 2737 3430 quibus

353 3456 561 3520 meilis
605 3457 683 3519 ad
729 3455 892 3519 hanc
936 3454 1407 3519 multitudinem
1453 3451 1767 3519 infinitam
1812 3473 1887 3518 ac
1932 3456 2306 3519 varietatem
2352 3453 2561 3534 legum
2593 3473 2735 3535 per-

353 3568 610 3628 ventum
655 3562 758 3639 sit,
806 3559 995 3624 altius
1043 3559 1369 3623 disseram.

529 3664 629 3727 2³6.
679 3663 1112 3727 Vetustissimi
1160 3662 1538 3742 mortalium,
1587 3662 1760 3725 nulla
1805 3661 2011 3725 adhuc
2057 3662 2223 3725 mala
2266 3661 2550 3741 libidine,
2601 3663 2739 3726 sine

357 3772 609 3852 prohib,
671 3768 913 3832 scelere
977 3786 1178 3846 eoque
1239 3767 1376 3830 sine
1427 3750 1639 3847 'poena
1708 3771 1818 3830 aut
1886 3765 2375 3829 coercitionibus
2442 3765 2734 3845 agebant.

357 3892 563 3952 nequii
608 3872 910 3953 praemiis
958 3890 1124 3952 opus
1163 3877 1318 3950 erat,
1369 3890 1509 3933 cum
1553 3869 1821 3934 honesta
1866 3875 2091 3950 suopte
2136 3870 2389 3949 ingenio
2443 3875 2735 3950 peteren-

357 3987 493 4052 tur·7
545 3981 605 4040 ct
649 3976 757 4040 ubi
803 3975 957 4040 nibil
1006 3980 1224 4039 contra
1268 3993 1509 4038 morem
1557 3981 1880 4056 cuperent,
1927 3975 2085 4039 nihil
2130 3993 2246 4056 per
2292 3979 2529 4038 metum
2562 3979 2733 4038 veta-

361 4084 605 4144 bantur.
650 4086 718 4144 at
759 4087 1095 4161 postquam
1140 4080 1286 4142 exui
1347 4079 1700 4159 aequalitas
1746 4084 1813 4143 et
1856 4099 1969 4160 pro
2017 4076 2329 4143 modestia
2375 4097 2448 4141 ac
2492 4078 2736 4160 pudore
