<?xml version="1.0" encoding="UTF-8"?>
<!DOCTYPE html PUBLIC "-//W3C//DTD XHTML 1.0 Transitional//EN"
    "http://www.w3.org/TR/xhtml1/DTD/xhtml1-transitional.dtd">
<html xmlns="http://www.w3.org/1999/xhtml" xml:lang="en" lang="en">
 <head>
  <title>
</title>
<meta http-equiv="Content-Type" content="text/html;charset=utf-8" />
  <meta name='ocr-system' content='tesseract 3.04.00' />
  <meta name='ocr-capabilities' content='ocr_page ocr_carea ocr_par ocr_line ocrx_word'/>
</head>
<body>
  <div class='ocr_page' id='page_1' title='image "./corneliitacitia05tacigoog_0007.png"; bbox 0 0 3300 5425; ppageno 0'>
   <div class='ocr_carea' id='block_1_1' title="bbox 1001 1165 2027 1281">
    <p class='ocr_par' dir='ltr' id='par_1_1' title="bbox 1001 1165 2027 1281">
     <span class='ocr_line' id='line_1_1' title="bbox 1001 1165 2027 1281; baseline -0.004 0"><span class='ocrx_word' id='word_1_1' title='bbox 1001 1165 1552 1281; x_wconf 87' lang='lat' dir='ltr'><strong>CORNELII</strong></span> <span class='ocrx_word' id='word_1_2' title='bbox 1627 1165 2027 1279; x_wconf 83' lang='lat' dir='ltr'><strong>TACITI</strong></span> 
     </span>
    </p>
   </div>
   <div class='ocr_carea' id='block_1_2' title="bbox 735 1321 2291 1586">
    <p class='ocr_par' dir='ltr' id='par_1_2' title="bbox 735 1321 2291 1586">
     <span class='ocr_line' id='line_1_2' title="bbox 735 1321 2291 1454; baseline -0.002 -1"><span class='ocrx_word' id='word_1_3' title='bbox 735 1381 888 1453; x_wconf 72' lang='lat' dir='ltr'><strong>AB</strong></span> <span class='ocrx_word' id='word_1_4' title='bbox 951 1378 1451 1454; x_wconf 78' lang='lat' dir='ltr'>EXGESSU</span> <span class='ocrx_word' id='word_1_5' title='bbox 1519 1380 1749 1453; x_wconf 78' lang='lat' dir='ltr'>D1v1</span> <span class='ocrx_word' id='word_1_6' title='bbox 1810 1321 2291 1454; x_wconf 63' lang='lat' dir='ltr'>AUGUSTI</span> 
     </span>
     <span class='ocr_line' id='line_1_3' title="bbox 1339 1536 1684 1586; baseline -0.003 -1"><span class='ocrx_word' id='word_1_7' title='bbox 1339 1536 1602 1586; x_wconf 78' lang='lat' dir='ltr'>LIBER</span> <span class='ocrx_word' id='word_1_8' title='bbox 1640 1536 1684 1585; x_wconf 93' lang='lat' dir='ltr'><strong>I.</strong></span> 
     </span>
    </p>
   </div>
   <div class='ocr_carea' id='block_1_3' title="bbox 274 1670 2724 4258">
    <p class='ocr_par' dir='ltr' id='par_1_3' title="bbox 274 1670 2715 3215">
     <span class='ocr_line' id='line_1_4' title="bbox 473 1670 2709 1754; baseline -0.003 -14"><span class='ocrx_word' id='word_1_9' title='bbox 473 1675 539 1740; x_wconf 91' lang='lat'><strong>1.</strong></span> <span class='ocrx_word' id='word_1_10' title='bbox 614 1672 858 1737; x_wconf 82' lang='lat' dir='ltr'>Urbem</span> <span class='ocrx_word' id='word_1_11' title='bbox 915 1673 1184 1737; x_wconf 85' lang='lat' dir='ltr'><strong>Romam</strong></span> <span class='ocrx_word' id='word_1_12' title='bbox 1254 1691 1291 1735; x_wconf 99' lang='lat' dir='ltr'><strong>a</strong></span> <span class='ocrx_word' id='word_1_13' title='bbox 1351 1673 1669 1754; x_wconf 90' lang='lat' dir='ltr'><strong>principio</strong></span> <span class='ocrx_word' id='word_1_14' title='bbox 1729 1690 1913 1752; x_wconf 86' lang='lat' dir='ltr'><strong>reges</strong></span> <span class='ocrx_word' id='word_1_15' title='bbox 1971 1670 2283 1749; x_wconf 80' lang='lat' dir='ltr'><strong>habuere3</strong></span> <span class='ocrx_word' id='word_1_16' title='bbox 2344 1670 2709 1749; x_wconf 85' lang='lat' dir='ltr'><strong>libertatem</strong></span> 
     </span>
     <span class='ocr_line' id='line_1_5' title="bbox 276 1774 2708 1858; baseline -0.002 -14"><span class='ocrx_word' id='word_1_17' title='bbox 276 1784 348 1844; x_wconf 91' lang='lat' dir='ltr'><strong>et</strong></span> <span class='ocrx_word' id='word_1_18' title='bbox 399 1776 832 1843; x_wconf 87' lang='lat' dir='ltr'><strong>consulatum</strong></span> <span class='ocrx_word' id='word_1_19' title='bbox 888 1776 954 1841; x_wconf 93' lang='lat' dir='ltr'><strong>L.</strong></span> <span class='ocrx_word' id='word_1_20' title='bbox 1008 1776 1245 1841; x_wconf 91' lang='lat' dir='ltr'><strong>Brutus</strong></span> <span class='ocrx_word' id='word_1_21' title='bbox 1305 1776 1604 1841; x_wconf 80' lang='lat' dir='ltr'><strong>instituit.</strong></span> <span class='ocrx_word' id='word_1_22' title='bbox 1670 1775 2027 1841; x_wconf 82' lang='lat' dir='ltr'><strong>dictaturae</strong></span> <span class='ocrx_word' id='word_1_23' title='bbox 2072 1774 2152 1839; x_wconf 88' lang='lat' dir='ltr'><strong>ad</strong></span> <span class='ocrx_word' id='word_1_24' title='bbox 2196 1780 2450 1858; x_wconf 91' lang='lat' dir='ltr'><strong>tempus</strong></span> <span class='ocrx_word' id='word_1_25' title='bbox 2496 1793 2708 1840; x_wconf 92' lang='lat' dir='ltr'><strong>sume-</strong></span> 
     </span>
     <span class='ocr_line' id='line_1_6' title="bbox 277 1880 2709 1962; baseline -0.002 -14"><span class='ocrx_word' id='word_1_26' title='bbox 277 1884 582 1959; x_wconf 73' lang='lat' dir='ltr'><strong>bantur-3</strong></span> <span class='ocrx_word' id='word_1_27' title='bbox 650 1898 858 1961; x_wconf 88' lang='lat' dir='ltr'><strong>neque</strong></span> <span class='ocrx_word' id='word_1_28' title='bbox 904 1880 1346 1945; x_wconf 79' lang='lat' dir='ltr'><strong>decemviralis</strong></span> <span class='ocrx_word' id='word_1_29' title='bbox 1389 1885 1675 1962; x_wconf 86' lang='lat' dir='ltr'><strong>potestas</strong></span> <span class='ocrx_word' id='word_1_30' title='bbox 1722 1880 1889 1946; x_wconf 90' lang='lat' dir='ltr'><strong>ultra</strong></span> <span class='ocrx_word' id='word_1_31' title='bbox 1932 1881 2278 1959; x_wconf 83' lang='lat' dir='ltr'><strong>biennium,</strong></span> <span class='ocrx_word' id='word_1_32' title='bbox 2343 1898 2551 1961; x_wconf 91' lang='lat' dir='ltr'><strong>neque</strong></span> <span class='ocrx_word' id='word_1_33' title='bbox 2595 1881 2709 1945; x_wconf 92' lang='lat' dir='ltr'><strong>tri-</strong></span> 
     </span>
     <span class='ocr_line' id='line_1_7' title="bbox 274 1982 2710 2063; baseline -0.001 -12"><span class='ocrx_word' id='word_1_34' title='bbox 274 1987 635 2052; x_wconf 89' lang='lat' dir='ltr'><strong>bunorum</strong></span> <span class='ocrx_word' id='word_1_35' title='bbox 693 1985 970 2049; x_wconf 91' lang='lat' dir='ltr'><strong>militum</strong></span> <span class='ocrx_word' id='word_1_36' title='bbox 1031 1985 1366 2049; x_wconf 86' lang='lat' dir='ltr'><strong>consulare</strong></span> <span class='ocrx_word' id='word_1_37' title='bbox 1432 1985 1532 2049; x_wconf 90' lang='lat' dir='ltr'><strong>ius</strong></span> <span class='ocrx_word' id='word_1_38' title='bbox 1602 1984 1708 2049; x_wconf 90' lang='lat' dir='ltr'><strong>diu</strong></span> <span class='ocrx_word' id='word_1_39' title='bbox 1773 1984 1987 2050; x_wconf 85' lang='lat' dir='ltr'><strong>valuit.</strong></span> <span class='ocrx_word' id='word_1_40' title='bbox 2059 2002 2187 2049; x_wconf 91' lang='lat' dir='ltr'><strong>non</strong></span> <span class='ocrx_word' id='word_1_41' title='bbox 2254 1982 2515 2063; x_wconf 84' lang='lat' dir='ltr'><strong>Cinnae,</strong></span> <span class='ocrx_word' id='word_1_42' title='bbox 2584 2003 2710 2049; x_wconf 91' lang='lat' dir='ltr'><strong>non</strong></span> 
     </span>
     <span class='ocr_line' id='line_1_8' title="bbox 279 2082 2714 2171; baseline -0.002 -15"><span class='ocrx_word' id='word_1_43' title='bbox 279 2091 525 2157; x_wconf 83' lang='lat' dir='ltr'><strong>Sullae</strong></span> <span class='ocrx_word' id='word_1_44' title='bbox 578 2090 771 2170; x_wconf 87' lang='lat' dir='ltr'><strong>longa</strong></span> <span class='ocrx_word' id='word_1_45' title='bbox 830 2082 1214 2167; x_wconf 82' lang='lat' dir='ltr'><strong>dominati03</strong></span> <span class='ocrx_word' id='word_1_46' title='bbox 1278 2095 1344 2154; x_wconf 91' lang='lat' dir='ltr'><strong>et</strong></span> <span class='ocrx_word' id='word_1_47' title='bbox 1386 2088 1651 2170; x_wconf 89' lang='lat' dir='ltr'><strong>Pompei</strong></span> <span class='ocrx_word' id='word_1_48' title='bbox 1717 2086 2060 2171; x_wconf 81' lang='lat' dir='ltr'><strong>Crassique</strong></span> <span class='ocrx_word' id='word_1_49' title='bbox 2122 2090 2411 2170; x_wconf 88' lang='lat' dir='ltr'><strong>potentia</strong></span> <span class='ocrx_word' id='word_1_50' title='bbox 2474 2090 2599 2154; x_wconf 91' lang='lat' dir='ltr'><strong>cito</strong></span> <span class='ocrx_word' id='word_1_51' title='bbox 2646 2089 2714 2153; x_wconf 90' lang='lat' dir='ltr'><strong>in</strong></span> 
     </span>
     <span class='ocr_line' id='line_1_9' title="bbox 283 2193 2714 2276; baseline -0.001 -15"><span class='ocrx_word' id='word_1_52' title='bbox 283 2195 682 2275; x_wconf 85' lang='lat' dir='ltr'><strong>Caesarem,</strong></span> <span class='ocrx_word' id='word_1_53' title='bbox 730 2193 960 2276; x_wconf 88' lang='lat' dir='ltr'><strong>Lepidi</strong></span> <span class='ocrx_word' id='word_1_54' title='bbox 1007 2199 1200 2275; x_wconf 88' lang='lat' dir='ltr'><strong>atque</strong></span> <span class='ocrx_word' id='word_1_55' title='bbox 1244 2195 1506 2259; x_wconf 89' lang='lat' dir='ltr'><strong>Antonii</strong></span> <span class='ocrx_word' id='word_1_56' title='bbox 1552 2214 1729 2259; x_wconf 89' lang='lat' dir='ltr'><strong>arma</strong></span> <span class='ocrx_word' id='word_1_57' title='bbox 1774 2196 1841 2259; x_wconf 95' lang='lat' dir='ltr'><strong>in</strong></span> <span class='ocrx_word' id='word_1_58' title='bbox 1880 2196 2237 2275; x_wconf 91' lang='lat' dir='ltr'><strong>Augustum</strong></span> <span class='ocrx_word' id='word_1_59' title='bbox 2284 2211 2554 2273; x_wconf 81' lang='lat' dir='ltr'><strong>cessere,</strong></span> <span class='ocrx_word' id='word_1_60' title='bbox 2605 2195 2714 2276; x_wconf 92' lang='lat' dir='ltr'><strong>qui</strong></span> 
     </span>
     <span class='ocr_line' id='line_1_10' title="bbox 287 2297 2713 2381; baseline -0.001 -16"><span class='ocrx_word' id='word_1_61' title='bbox 287 2306 543 2366; x_wconf 87' lang='lat' dir='ltr'><strong>cuncta</strong></span> <span class='ocrx_word' id='word_1_62' title='bbox 594 2298 934 2364; x_wconf 87' lang='lat' dir='ltr'><strong>discordiis</strong></span> <span class='ocrx_word' id='word_1_63' title='bbox 981 2298 1274 2364; x_wconf 84' lang='lat' dir='ltr'><strong>civilibus</strong></span> <span class='ocrx_word' id='word_1_64' title='bbox 1331 2297 1504 2364; x_wconf 86' lang='lat' dir='ltr'><strong>fessa</strong></span> <span class='ocrx_word' id='word_1_65' title='bbox 1547 2300 1802 2364; x_wconf 89' lang='lat' dir='ltr'><strong>nomine</strong></span> <span class='ocrx_word' id='word_1_66' title='bbox 1855 2298 2161 2380; x_wconf 90' lang='lat' dir='ltr'><strong>principis</strong></span> <span class='ocrx_word' id='word_1_67' title='bbox 2208 2298 2325 2363; x_wconf 88' lang='lat' dir='ltr'><strong>sub</strong></span> <span class='ocrx_word' id='word_1_68' title='bbox 2373 2299 2713 2381; x_wconf 90' lang='lat' dir='ltr'><strong>imperium</strong></span> 
     </span>
     <span class='ocr_line' id='line_1_11' title="bbox 285 2402 2713 2487; baseline -0.001 -18"><span class='ocrx_word' id='word_1_69' title='bbox 285 2405 589 2487; x_wconf 87' lang='lat' dir='ltr'><strong>accepit.</strong></span> <span class='ocrx_word' id='word_1_70' title='bbox 639 2402 752 2468; x_wconf 91' lang='lat' dir='ltr'><strong>sed</strong></span> <span class='ocrx_word' id='word_1_71' title='bbox 797 2404 1030 2469; x_wconf 88' lang='lat' dir='ltr'><strong>veteris</strong></span> <span class='ocrx_word' id='word_1_72' title='bbox 1090 2403 1312 2486; x_wconf 93' lang='lat' dir='ltr'><strong>populi</strong></span> <span class='ocrx_word' id='word_1_73' title='bbox 1355 2403 1625 2467; x_wconf 87' lang='lat' dir='ltr'><strong>Romani</strong></span> <span class='ocrx_word' id='word_1_74' title='bbox 1686 2420 1993 2485; x_wconf 88' lang='lat' dir='ltr'><strong>prospera</strong></span> <span class='ocrx_word' id='word_1_75' title='bbox 2036 2403 2137 2467; x_wconf 85' lang='lat' dir='ltr'><strong>vel</strong></span> <span class='ocrx_word' id='word_1_76' title='bbox 2198 2402 2466 2479; x_wconf 84' lang='lat' dir='ltr'><strong>adversa</strong></span> <span class='ocrx_word' id='word_1_77' title='bbox 2526 2402 2713 2467; x_wconf 91' lang='lat' dir='ltr'><strong>claris</strong></span> 
     </span>
     <span class='ocr_line' id='line_1_12' title="bbox 290 2507 2714 2592; baseline -0.002 -17"><span class='ocrx_word' id='word_1_78' title='bbox 290 2508 745 2592; x_wconf 84' lang='lat' dir='ltr'><strong>scriptoribus</strong></span> <span class='ocrx_word' id='word_1_79' title='bbox 773 2513 1123 2573; x_wconf 89' lang='lat' dir='ltr'><strong>memorata</strong></span> <span class='ocrx_word' id='word_1_80' title='bbox 1168 2513 1345 2585; x_wconf 83' lang='lat' dir='ltr'><strong>sunt3</strong></span> <span class='ocrx_word' id='word_1_81' title='bbox 1394 2507 1919 2589; x_wconf 88' lang='lat' dir='ltr'><strong>temporibusque</strong></span> <span class='ocrx_word' id='word_1_82' title='bbox 1949 2508 2225 2588; x_wconf 85' lang='lat' dir='ltr'><strong>Augusti</strong></span> <span class='ocrx_word' id='word_1_83' title='bbox 2256 2507 2541 2572; x_wconf 89' lang='lat' dir='ltr'><strong>dicendis</strong></span> <span class='ocrx_word' id='word_1_84' title='bbox 2587 2524 2714 2570; x_wconf 91' lang='lat' dir='ltr'><strong>non</strong></span> 
     </span>
     <span class='ocr_line' id='line_1_13' title="bbox 292 2611 2712 2692; baseline -0.002 -13"><span class='ocrx_word' id='word_1_85' title='bbox 292 2614 589 2679; x_wconf 86' lang='lat' dir='ltr'><strong>defuere</strong></span> <span class='ocrx_word' id='word_1_86' title='bbox 636 2611 866 2676; x_wconf 90' lang='lat' dir='ltr'><strong>decora</strong></span> <span class='ocrx_word' id='word_1_87' title='bbox 894 2612 1172 2692; x_wconf 91' lang='lat' dir='ltr'><strong>ingenia,</strong></span> <span class='ocrx_word' id='word_1_88' title='bbox 1221 2612 1422 2676; x_wconf 91' lang='lat' dir='ltr'><strong>donec</strong></span> <span class='ocrx_word' id='word_1_89' title='bbox 1452 2611 1761 2692; x_wconf 82' lang='lat' dir='ltr'><strong>gliscente</strong></span> <span class='ocrx_word' id='word_1_90' title='bbox 1806 2612 2169 2676; x_wconf 88' lang='lat' dir='ltr'><strong>adulatione</strong></span> <span class='ocrx_word' id='word_1_91' title='bbox 2215 2612 2712 2677; x_wconf 85' lang='lat' dir='ltr'><strong>deterrerentur.</strong></span> 
     </span>
     <span class='ocr_line' id='line_1_14' title="bbox 295 2714 2712 2798; baseline -0 -16"><span class='ocrx_word' id='word_1_92' title='bbox 295 2718 568 2784; x_wconf 89' lang='lat' dir='ltr'><strong>Tiberii</strong></span> <span class='ocrx_word' id='word_1_93' title='bbox 628 2716 880 2798; x_wconf 87' lang='lat' dir='ltr'><strong>Gaique</strong></span> <span class='ocrx_word' id='word_1_94' title='bbox 942 2723 1008 2782; x_wconf 90' lang='lat' dir='ltr'><strong>et</strong></span> <span class='ocrx_word' id='word_1_95' title='bbox 1068 2714 1320 2782; x_wconf 88' lang='lat' dir='ltr'><strong>Claudii</strong></span> <span class='ocrx_word' id='word_1_96' title='bbox 1365 2736 1441 2782; x_wconf 91' lang='lat' dir='ltr'><strong>ac</strong></span> <span class='ocrx_word' id='word_1_97' title='bbox 1482 2715 1758 2782; x_wconf 88' lang='lat' dir='ltr'><strong>Neronis</strong></span> <span class='ocrx_word' id='word_1_98' title='bbox 1818 2737 1921 2783; x_wconf 89' lang='lat' dir='ltr'><strong>res</strong></span> <span class='ocrx_word' id='word_1_99' title='bbox 1980 2717 2351 2782; x_wconf 91' lang='lat' dir='ltr'><strong>florentibus</strong></span> <span class='ocrx_word' id='word_1_100' title='bbox 2411 2717 2571 2798; x_wconf 91' lang='lat' dir='ltr'><strong>ipsis</strong></span> <span class='ocrx_word' id='word_1_101' title='bbox 2634 2716 2712 2781; x_wconf 93' lang='lat' dir='ltr'><strong>ob</strong></span> 
     </span>
     <span class='ocr_line' id='line_1_15' title="bbox 295 2820 2715 2903; baseline -0.001 -16"><span class='ocrx_word' id='word_1_102' title='bbox 295 2830 566 2889; x_wconf 89' lang='lat' dir='ltr'><strong>metum</strong></span> <span class='ocrx_word' id='word_1_103' title='bbox 609 2820 826 2901; x_wconf 88' lang='lat' dir='ltr'><strong>falsae,</strong></span> <span class='ocrx_word' id='word_1_104' title='bbox 889 2827 1226 2902; x_wconf 88' lang='lat' dir='ltr'><strong>postquam</strong></span> <span class='ocrx_word' id='word_1_105' title='bbox 1269 2821 1652 2901; x_wconf 89' lang='lat' dir='ltr'><strong>occiderant,</strong></span> <span class='ocrx_word' id='word_1_106' title='bbox 1703 2822 2067 2886; x_wconf 86' lang='lat' dir='ltr'><strong>recentibus</strong></span> <span class='ocrx_word' id='word_1_107' title='bbox 2114 2822 2277 2887; x_wconf 92' lang='lat' dir='ltr'><strong>odiis</strong></span> <span class='ocrx_word' id='word_1_108' title='bbox 2326 2822 2715 2903; x_wconf 86' lang='lat' dir='ltr'><strong>compositae</strong></span> 
     </span>
     <span class='ocr_line' id='line_1_16' title="bbox 299 2924 2713 3007; baseline -0.001 -14"><span class='ocrx_word' id='word_1_109' title='bbox 299 2934 482 2993; x_wconf 91' lang='lat' dir='ltr'><strong>sunt.</strong></span> <span class='ocrx_word' id='word_1_110' title='bbox 540 2924 691 2990; x_wconf 90' lang='lat' dir='ltr'><strong>inde</strong></span> <span class='ocrx_word' id='word_1_111' title='bbox 737 2924 1072 2990; x_wconf 90' lang='lat' dir='ltr'><strong>consilium</strong></span> <span class='ocrx_word' id='word_1_112' title='bbox 1117 2925 1273 2989; x_wconf 91' lang='lat' dir='ltr'><strong>mihi</strong></span> <span class='ocrx_word' id='word_1_113' title='bbox 1317 2944 1521 3007; x_wconf 90' lang='lat' dir='ltr'><strong>pauca</strong></span> <span class='ocrx_word' id='word_1_114' title='bbox 1567 2926 1648 2991; x_wconf 93' lang='lat' dir='ltr'><strong>de</strong></span> <span class='ocrx_word' id='word_1_115' title='bbox 1679 2926 1965 3006; x_wconf 90' lang='lat' dir='ltr'><strong>Augusto</strong></span> <span class='ocrx_word' id='word_1_116' title='bbox 2013 2931 2079 2991; x_wconf 91' lang='lat' dir='ltr'><strong>et</strong></span> <span class='ocrx_word' id='word_1_117' title='bbox 2108 2931 2394 2990; x_wconf 87' lang='lat' dir='ltr'><strong>extrema</strong></span> <span class='ocrx_word' id='word_1_118' title='bbox 2437 2924 2713 3005; x_wconf 88' lang='lat' dir='ltr'><strong>tradere,</strong></span> 
     </span>
     <span class='ocr_line' id='line_1_17' title="bbox 299 3029 2715 3111; baseline -0.002 -14"><span class='ocrx_word' id='word_1_119' title='bbox 299 3052 460 3097; x_wconf 86' lang='lat' dir='ltr'><strong>mox</strong></span> <span class='ocrx_word' id='word_1_120' title='bbox 529 3029 775 3094; x_wconf 92' lang='lat' dir='ltr'><strong>Tiberii</strong></span> <span class='ocrx_word' id='word_1_121' title='bbox 834 3029 1261 3110; x_wconf 89' lang='lat' dir='ltr'><strong>principatum</strong></span> <span class='ocrx_word' id='word_1_122' title='bbox 1308 3035 1374 3094; x_wconf 88' lang='lat' dir='ltr'><strong>et</strong></span> <span class='ocrx_word' id='word_1_123' title='bbox 1418 3035 1650 3110; x_wconf 89' lang='lat' dir='ltr'><strong>cetera,</strong></span> <span class='ocrx_word' id='word_1_124' title='bbox 1716 3030 1855 3095; x_wconf 88' lang='lat' dir='ltr'><strong>sine</strong></span> <span class='ocrx_word' id='word_1_125' title='bbox 1899 3032 1997 3094; x_wconf 90' lang='lat' dir='ltr'><strong>ira</strong></span> <span class='ocrx_word' id='word_1_126' title='bbox 2042 3035 2109 3095; x_wconf 92' lang='lat' dir='ltr'><strong>et</strong></span> <span class='ocrx_word' id='word_1_127' title='bbox 2152 3029 2383 3109; x_wconf 92' lang='lat' dir='ltr'><strong>studio,</strong></span> <span class='ocrx_word' id='word_1_128' title='bbox 2448 3048 2715 3111; x_wconf 89' lang='lat' dir='ltr'><strong>quorum</strong></span> 
     </span>
     <span class='ocr_line' id='line_1_18' title="bbox 302 3133 1442 3215; baseline -0.004 -15"><span class='ocrx_word' id='word_1_129' title='bbox 302 3152 554 3201; x_wconf 86' lang='lat' dir='ltr'><strong>causas</strong></span> <span class='ocrx_word' id='word_1_130' title='bbox 599 3133 820 3215; x_wconf 90' lang='lat' dir='ltr'><strong>procul</strong></span> <span class='ocrx_word' id='word_1_131' title='bbox 864 3133 1088 3198; x_wconf 84' lang='lat' dir='ltr'><strong>habeo,</strong></span> <span class='ocrx_word' id='word_1_132' title='bbox 1438 3139 1442 3143; x_wconf 52' lang='lat'><em>⁴</em></span> 
     </span>
    </p>

    <p class='ocr_par' dir='ltr' id='par_1_4' title="bbox 309 3235 2721 4049">
     <span class='ocr_line' id='line_1_19' title="bbox 498 3235 2712 3320; baseline -0 -19"><span class='ocrx_word' id='word_1_133' title='bbox 498 3237 563 3301; x_wconf 80' lang='lat'><strong>2.</strong></span> <span class='ocrx_word' id='word_1_134' title='bbox 610 3237 954 3318; x_wconf 89' lang='lat' dir='ltr'><strong>Postquam</strong></span> <span class='ocrx_word' id='word_1_135' title='bbox 998 3235 1197 3301; x_wconf 90' lang='lat' dir='ltr'><strong>Bruto</strong></span> <span class='ocrx_word' id='word_1_136' title='bbox 1230 3243 1296 3302; x_wconf 92' lang='lat' dir='ltr'><strong>et</strong></span> <span class='ocrx_word' id='word_1_137' title='bbox 1326 3235 1547 3303; x_wconf 90' lang='lat' dir='ltr'><strong>Cassio</strong></span> <span class='ocrx_word' id='word_1_138' title='bbox 1594 3238 1799 3303; x_wconf 85' lang='lat' dir='ltr'><strong>caesis</strong></span> <span class='ocrx_word' id='word_1_139' title='bbox 1830 3237 2002 3302; x_wconf 90' lang='lat' dir='ltr'><strong>nulla</strong></span> <span class='ocrx_word' id='word_1_140' title='bbox 2042 3239 2168 3302; x_wconf 89' lang='lat' dir='ltr'><strong>iam</strong></span> <span class='ocrx_word' id='word_1_141' title='bbox 2214 3239 2470 3320; x_wconf 88' lang='lat' dir='ltr'><strong>publica</strong></span> <span class='ocrx_word' id='word_1_142' title='bbox 2518 3256 2712 3316; x_wconf 89' lang='lat' dir='ltr'><strong>arma,</strong></span> 
     </span>
     <span class='ocr_line' id='line_1_20' title="bbox 309 3339 2717 3426; baseline -0.002 -18"><span class='ocrx_word' id='word_1_143' title='bbox 309 3341 674 3424; x_wconf 91' lang='lat' dir='ltr'><strong>Pompeius</strong></span> <span class='ocrx_word' id='word_1_144' title='bbox 720 3341 890 3422; x_wconf 90' lang='lat' dir='ltr'><strong>apud</strong></span> <span class='ocrx_word' id='word_1_145' title='bbox 951 3339 1236 3406; x_wconf 87' lang='lat' dir='ltr'><strong>Siciliam</strong></span> <span class='ocrx_word' id='word_1_146' title='bbox 1283 3360 1624 3424; x_wconf 89' lang='lat' dir='ltr'><strong>oppressus</strong></span> <span class='ocrx_word' id='word_1_147' title='bbox 1687 3349 2006 3424; x_wconf 85' lang='lat' dir='ltr'><strong>exutoque</strong></span> <span class='ocrx_word' id='word_1_148' title='bbox 2050 3342 2311 3426; x_wconf 89' lang='lat' dir='ltr'><strong>Lepid0,</strong></span> <span class='ocrx_word' id='word_1_149' title='bbox 2374 3340 2717 3406; x_wconf 84' lang='lat' dir='ltr'><strong>interfecto</strong></span> 
     </span>
     <span class='ocr_line' id='line_1_21' title="bbox 312 3443 2714 3529; baseline -0.001 -17"><span class='ocrx_word' id='word_1_150' title='bbox 312 3445 608 3512; x_wconf 82' lang='lat' dir='ltr'><strong>Antonio</strong></span> <span class='ocrx_word' id='word_1_151' title='bbox 655 3462 736 3508; x_wconf 93' lang='lat' dir='ltr'><strong>ne</strong></span> <span class='ocrx_word' id='word_1_152' title='bbox 779 3443 1044 3510; x_wconf 88' lang='lat' dir='ltr'><strong>Iulianis</strong></span> <span class='ocrx_word' id='word_1_153' title='bbox 1105 3447 1365 3527; x_wconf 89' lang='lat' dir='ltr'><strong>quidem</strong></span> <span class='ocrx_word' id='word_1_154' title='bbox 1409 3447 1699 3529; x_wconf 88' lang='lat' dir='ltr'><strong>partibus</strong></span> <span class='ocrx_word' id='word_1_155' title='bbox 1752 3447 1877 3512; x_wconf 91' lang='lat' dir='ltr'><strong>nisi</strong></span> <span class='ocrx_word' id='word_1_156' title='bbox 1945 3444 2183 3512; x_wconf 89' lang='lat' dir='ltr'><strong>Caesar</strong></span> <span class='ocrx_word' id='word_1_157' title='bbox 2242 3446 2368 3511; x_wconf 87' lang='lat' dir='ltr'><strong>dux</strong></span> <span class='ocrx_word' id='word_1_158' title='bbox 2414 3445 2714 3526; x_wconf 78' lang='lat' dir='ltr'><strong>reliquuS,</strong></span> 
     </span>
     <span class='ocr_line' id='line_1_22' title="bbox 313 3549 2719 3633; baseline -0.001 -17"><span class='ocrx_word' id='word_1_159' title='bbox 313 3551 539 3633; x_wconf 89' lang='lat' dir='ltr'><strong>posito</strong></span> <span class='ocrx_word' id='word_1_160' title='bbox 583 3549 902 3614; x_wconf 88' lang='lat' dir='ltr'><strong>triumviri</strong></span> <span class='ocrx_word' id='word_1_161' title='bbox 947 3550 1202 3614; x_wconf 88' lang='lat' dir='ltr'><strong>nomine</strong></span> <span class='ocrx_word' id='word_1_162' title='bbox 1248 3551 1571 3615; x_wconf 90' lang='lat' dir='ltr'><strong>consulem</strong></span> <span class='ocrx_word' id='word_1_163' title='bbox 1617 3569 1687 3615; x_wconf 88' lang='lat' dir='ltr'><strong>se</strong></span> <span class='ocrx_word' id='word_1_164' title='bbox 1746 3549 1959 3616; x_wconf 88' lang='lat' dir='ltr'><strong>ferens</strong></span> <span class='ocrx_word' id='word_1_165' title='bbox 2006 3557 2071 3616; x_wconf 91' lang='lat' dir='ltr'><strong>et</strong></span> <span class='ocrx_word' id='word_1_166' title='bbox 2114 3552 2196 3615; x_wconf 89' lang='lat' dir='ltr'><strong>ad</strong></span> <span class='ocrx_word' id='word_1_167' title='bbox 2241 3549 2541 3616; x_wconf 86' lang='lat' dir='ltr'><strong>tuendam</strong></span> <span class='ocrx_word' id='word_1_168' title='bbox 2585 3549 2719 3630; x_wconf 90' lang='lat' dir='ltr'><strong>ple-</strong></span> 
     </span>
     <span class='ocr_line' id='line_1_23' title="bbox 315 3652 2717 3738; baseline -0.001 -19"><span class='ocrx_word' id='word_1_169' title='bbox 315 3654 474 3719; x_wconf 88' lang='lat' dir='ltr'><strong>bem</strong></span> <span class='ocrx_word' id='word_1_170' title='bbox 507 3652 848 3718; x_wconf 89' lang='lat' dir='ltr'><strong>tribunicio</strong></span> <span class='ocrx_word' id='word_1_171' title='bbox 874 3653 1014 3718; x_wconf 89' lang='lat' dir='ltr'><strong>iure</strong></span> <span class='ocrx_word' id='word_1_172' title='bbox 1043 3659 1428 3735; x_wconf 86' lang='lat' dir='ltr'><strong>contentum,</strong></span> <span class='ocrx_word' id='word_1_173' title='bbox 1460 3655 1571 3721; x_wconf 91' lang='lat' dir='ltr'><strong>ubi</strong></span> <span class='ocrx_word' id='word_1_174' title='bbox 1593 3655 1863 3720; x_wconf 92' lang='lat' dir='ltr'><strong>militem</strong></span> <span class='ocrx_word' id='word_1_175' title='bbox 1887 3655 2091 3735; x_wconf 89' lang='lat' dir='ltr'><strong>donis,</strong></span> <span class='ocrx_word' id='word_1_176' title='bbox 2124 3657 2427 3738; x_wconf 91' lang='lat' dir='ltr'><strong>populum</strong></span> <span class='ocrx_word' id='word_1_177' title='bbox 2450 3672 2717 3731; x_wconf 86' lang='lat' dir='ltr'><strong>annona,</strong></span> 
     </span>
     <span class='ocr_line' id='line_1_24' title="bbox 320 3755 2721 3841; baseline -0.001 -18"><span class='ocrx_word' id='word_1_178' title='bbox 320 3761 590 3823; x_wconf 89' lang='lat' dir='ltr'><strong>cunctos</strong></span> <span class='ocrx_word' id='word_1_179' title='bbox 622 3755 957 3821; x_wconf 89' lang='lat' dir='ltr'><strong>dulcedine</strong></span> <span class='ocrx_word' id='word_1_180' title='bbox 991 3759 1105 3823; x_wconf 92' lang='lat' dir='ltr'><strong>otii</strong></span> <span class='ocrx_word' id='word_1_181' title='bbox 1150 3759 1426 3841; x_wconf 84' lang='lat' dir='ltr'><strong>pellexit,</strong></span> <span class='ocrx_word' id='word_1_182' title='bbox 1476 3761 1807 3840; x_wconf 82' lang='lat' dir='ltr'><strong>insurgere</strong></span> <span class='ocrx_word' id='word_1_183' title='bbox 1839 3759 2165 3841; x_wconf 89' lang='lat' dir='ltr'><strong>paulatim,</strong></span> <span class='ocrx_word' id='word_1_184' title='bbox 2215 3759 2431 3823; x_wconf 88' lang='lat' dir='ltr'><strong>munia</strong></span> <span class='ocrx_word' id='word_1_185' title='bbox 2460 3763 2721 3823; x_wconf 89' lang='lat' dir='ltr'><strong>senatus</strong></span> 
     </span>
     <span class='ocr_line' id='line_1_25' title="bbox 321 3861 2720 3945; baseline 0 -20"><span class='ocrx_word' id='word_1_186' title='bbox 321 3861 819 3943; x_wconf 86' lang='lat' dir='ltr'><strong>magistratuum</strong></span> <span class='ocrx_word' id='word_1_187' title='bbox 864 3861 1078 3941; x_wconf 86' lang='lat' dir='ltr'><strong>legum</strong></span> <span class='ocrx_word' id='word_1_188' title='bbox 1122 3863 1189 3926; x_wconf 91' lang='lat' dir='ltr'><strong>in</strong></span> <span class='ocrx_word' id='word_1_189' title='bbox 1235 3881 1304 3928; x_wconf 90' lang='lat' dir='ltr'><strong>se</strong></span> <span class='ocrx_word' id='word_1_190' title='bbox 1347 3863 1620 3945; x_wconf 82' lang='lat' dir='ltr'><strong>trahere,</strong></span> <span class='ocrx_word' id='word_1_191' title='bbox 1685 3864 1855 3928; x_wconf 81' lang='lat' dir='ltr'><strong>nullo</strong></span> <span class='ocrx_word' id='word_1_192' title='bbox 1917 3863 2313 3942; x_wconf 85' lang='lat' dir='ltr'><strong>adversante,</strong></span> <span class='ocrx_word' id='word_1_193' title='bbox 2375 3881 2517 3927; x_wconf 91' lang='lat' dir='ltr'><strong>cum</strong></span> <span class='ocrx_word' id='word_1_194' title='bbox 2558 3861 2720 3927; x_wconf 88' lang='lat' dir='ltr'><strong>fero-</strong></span> 
     </span>
     <span class='ocr_line' id='line_1_26' title="bbox 324 3965 2717 4049; baseline 0 -19"><span class='ocrx_word' id='word_1_195' title='bbox 324 3965 573 4032; x_wconf 90' lang='lat' dir='ltr'><strong>cissimi</strong></span> <span class='ocrx_word' id='word_1_196' title='bbox 632 3982 747 4045; x_wconf 89' lang='lat' dir='ltr'><strong>per</strong></span> <span class='ocrx_word' id='word_1_197' title='bbox 791 3966 962 4029; x_wconf 89' lang='lat' dir='ltr'><strong>acies</strong></span> <span class='ocrx_word' id='word_1_198' title='bbox 1008 3972 1119 4031; x_wconf 90' lang='lat' dir='ltr'><strong>aut</strong></span> <span class='ocrx_word' id='word_1_199' title='bbox 1161 3967 1627 4049; x_wconf 90' lang='lat' dir='ltr'><strong>proscriptione</strong></span> <span class='ocrx_word' id='word_1_200' title='bbox 1673 3968 2069 4049; x_wconf 90' lang='lat' dir='ltr'><strong>cecidissent,</strong></span> <span class='ocrx_word' id='word_1_201' title='bbox 2136 3968 2333 4032; x_wconf 90' lang='lat' dir='ltr'><strong>ceteri</strong></span> <span class='ocrx_word' id='word_1_202' title='bbox 2392 3966 2717 4048; x_wconf 91' lang='lat' dir='ltr'><strong>nobilium,</strong></span> 
     </span>
    </p>

    <p class='ocr_par' dir='ltr' id='par_1_5' title="bbox 329 4068 2724 4258">
     <span class='ocr_line' id='line_1_27' title="bbox 329 4068 2724 4153; baseline 0.001 -20"><span class='ocrx_word' id='word_1_203' title='bbox 329 4076 570 4150; x_wconf 90' lang='lat' dir='ltr'><strong>quanto</strong></span> <span class='ocrx_word' id='word_1_204' title='bbox 618 4068 762 4149; x_wconf 91' lang='lat' dir='ltr'><strong>quis</strong></span> <span class='ocrx_word' id='word_1_205' title='bbox 809 4070 1070 4135; x_wconf 88' lang='lat' dir='ltr'><strong>servitio</strong></span> <span class='ocrx_word' id='word_1_206' title='bbox 1115 4071 1488 4152; x_wconf 87' lang='lat' dir='ltr'><strong>promptior,</strong></span> <span class='ocrx_word' id='word_1_207' title='bbox 1537 4071 1765 4153; x_wconf 87' lang='lat' dir='ltr'><strong>opibus</strong></span> <span class='ocrx_word' id='word_1_208' title='bbox 1799 4077 1864 4136; x_wconf 86' lang='lat' dir='ltr'><strong>et</strong></span> <span class='ocrx_word' id='word_1_209' title='bbox 1893 4072 2239 4137; x_wconf 89' lang='lat' dir='ltr'><strong>honoribus</strong></span> <span class='ocrx_word' id='word_1_210' title='bbox 2272 4071 2724 4137; x_wconf 85' lang='lat' dir='ltr'><strong>extollerentur</strong></span> 
     </span>
     <span class='ocr_line' id='line_1_28' title="bbox 331 4174 2721 4258; baseline 0.002 -21"><span class='ocrx_word' id='word_1_211' title='bbox 331 4192 409 4238; x_wconf 87' lang='lat' dir='ltr'><strong>ac</strong></span> <span class='ocrx_word' id='word_1_212' title='bbox 454 4174 634 4239; x_wconf 90' lang='lat' dir='ltr'><strong>novis</strong></span> <span class='ocrx_word' id='word_1_213' title='bbox 681 4190 759 4236; x_wconf 86' lang='lat' dir='ltr'><strong>ex</strong></span> <span class='ocrx_word' id='word_1_214' title='bbox 804 4174 995 4238; x_wconf 89' lang='lat' dir='ltr'><strong>rebus</strong></span> <span class='ocrx_word' id='word_1_215' title='bbox 1041 4176 1212 4240; x_wconf 87' lang='lat' dir='ltr'><strong>aucti</strong></span> <span class='ocrx_word' id='word_1_216' title='bbox 1257 4181 1396 4240; x_wconf 90' lang='lat' dir='ltr'><strong>tuta</strong></span> <span class='ocrx_word' id='word_1_217' title='bbox 1442 4180 1504 4240; x_wconf 88' lang='lat' dir='ltr'><strong>et</strong></span> <span class='ocrx_word' id='word_1_218' title='bbox 1550 4177 1917 4256; x_wconf 88' lang='lat' dir='ltr'><strong>praesentia</strong></span> <span class='ocrx_word' id='word_1_219' title='bbox 1962 4194 2153 4258; x_wconf 88' lang='lat' dir='ltr'><strong>quam</strong></span> <span class='ocrx_word' id='word_1_220' title='bbox 2198 4181 2415 4240; x_wconf 85' lang='lat' dir='ltr'><strong>vetera</strong></span> <span class='ocrx_word' id='word_1_221' title='bbox 2460 4183 2525 4241; x_wconf 91' lang='lat' dir='ltr'><strong>et</strong></span> <span class='ocrx_word' id='word_1_222' title='bbox 2554 4178 2721 4258; x_wconf 91' lang='lat' dir='ltr'><strong>peri-</strong></span> 
     </span>
    </p>
   </div>
   <div class='ocr_carea' id='block_1_4' title="bbox 333 4261 2720 4460">
    <p class='ocr_par' dir='ltr' id='par_1_6' title="bbox 333 4261 2720 4460">
     <span class='ocr_line' id='line_1_29' title="bbox 333 4261 2720 4361; baseline 0.002 -21"><span class='ocrx_word' id='word_1_223' title='bbox 333 4261 551 4343; x_wconf 85' lang='lat' dir='ltr'><strong>culosa</strong></span> <span class='ocrx_word' id='word_1_224' title='bbox 593 4277 874 4342; x_wconf 89' lang='lat' dir='ltr'><strong>mallent.</strong></span> <span class='ocrx_word' id='word_1_225' title='bbox 924 4297 1132 4360; x_wconf 92' lang='lat' dir='ltr'><strong>neque</strong></span> <span class='ocrx_word' id='word_1_226' title='bbox 1178 4280 1542 4361; x_wconf 85' lang='lat' dir='ltr'><strong>provinciae</strong></span> <span class='ocrx_word' id='word_1_227' title='bbox 1587 4279 1765 4344; x_wconf 91' lang='lat' dir='ltr'><strong>illum</strong></span> <span class='ocrx_word' id='word_1_228' title='bbox 1812 4298 2025 4345; x_wconf 89' lang='lat' dir='ltr'><strong>rerum</strong></span> <span class='ocrx_word' id='word_1_229' title='bbox 2070 4285 2307 4345; x_wconf 87' lang='lat' dir='ltr'><strong>statum</strong></span> <span class='ocrx_word' id='word_1_230' title='bbox 2339 4280 2720 4361; x_wconf 89' lang='lat' dir='ltr'><strong>abnuebant,</strong></span> 
     </span>
     <span class='ocr_line' id='line_1_30' title="bbox 431 4389 2449 4460; baseline 0.002 -30"><span class='ocrx_word' id='word_1_231' title='bbox 431 4391 579 4460; x_wconf 29' lang='lat' dir='ltr'><strong>’Taciti</strong></span> <span class='ocrx_word' id='word_1_232' title='bbox 607 4390 658 4430; x_wconf 72' lang='lat' dir='ltr'><strong>ab</strong></span> <span class='ocrx_word' id='word_1_233' title='bbox 687 4400 781 4430; x_wconf 80' lang='lat' dir='ltr'><strong>exc.</strong></span> <span class='ocrx_word' id='word_1_234' title='bbox 811 4391 921 4442; x_wconf 77' lang='lat' dir='ltr'><strong>Aug.</strong></span> <span class='ocrx_word' id='word_1_235' title='bbox 953 4392 1098 4432; x_wconf 79' lang='lat'>1—111.</span> <span class='ocrx_word' id='word_1_236' title='bbox 1535 4389 1539 4391; x_wconf 59' lang='grc'><strong>’</strong></span> <span class='ocrx_word' id='word_1_237' title='bbox 2416 4397 2449 4452; x_wconf 81' lang='lat'>1</span> 
     </span>
    </p>
   </div>
  </div>
 </body>
</html>
