3300 5425
616 464 660 523 4
1310 489 1316 494 ·
1487 456 1839 511 CORNELII
1877 453 2120 508 TACITI

615 649 940 729 Augustus
998 646 1080 712 de
1124 646 1410 711 moribus
1471 644 1897 710 adulescentis
1956 655 2236 726 questus,
2296 655 2368 711 ut.
2412 647 2672 711 exilium
2721 651 2857 711 eius
2905 667 3013 711 se*

615 757 802 817 natus
848 751 1135 816 consulto
1167 750 1541 828 sanciretur,
1588 748 1976 831 perfecerat:
2028 759 2304 815 ceterum
2340 751 2400 815 iu
2436 751 2668 815 nullius]
2709 771 3013 831 nmquam

617 874 876 921 suorum
921 872 1144 919 necem
1190 849 1459 933 duravit,
1508 872 1716 934 neque
1761 858 2030 918 mortem
2076 855 2292 935 nepoti
2340 875 2452 935 pro
2484 859 2829 923 aesuritate
2873 859 3009 936 pri-

616 962 788 1041 vigni
827 960 1089 1026 inlatam
1122 957 1426 1022 credibile
1459 963 1576 1023 est.
1609 960 1871 1041 propius
1904 977 2049 1023 vero
2076 959 2400 1023 Tiberium
2424 979 2496 1023 ac
2528 961 2790 1039 Liviam,
2829 963 3005 1023 illum

614 1069 808 1143 metu,
855 1063 1020 1127 hanc
1065 1062 1501 1127 novercalibus
1547 1064 1729 1143 odiis,
1780 1064 2059 1143 suspecti
2108 1071 2172 1127 et
2216 1067 2400 1127 invisi
2452 1067 2697 1131 juranis
2745 1063 3005 1127 caedem

613 1167 1034 1233 festinavisse.
1082 1167 1398 1231 nuntianti
1463 1167 1838 1245 centurioni,
1905 1172 1975 1231 ut
2029 1185 2168 1232 mus
2212 1171 2500 1248 militina,
2564 1171 2801 1236 fautum
2861 1187 3005 1232 east-3-

615 1271 785 1353 quod
829 1273 1239 1355 imperasset,
1272 1288 1480 1351 neque
1523 1272 1873 1352 imperasse
1919 1288 2061 1335 sese
2108 1280 2168 1336 et
2200 1276 2508 1336 tationem
2540 1276 2692 1340 facti
2741 1272 3001 1336 redden-

617 1377 760 1452 dam
808 1376 978 1458 apud
1025 1380 1315 1440 senatum
1362 1375 1706 1456 respondit.
1753 1374 1923 1457 quod
1968 1384 2304 1456 postquam
2356 1376 2692 1441 Sallnatiua
2741 1376 3005 1460 Uriapua

615 1481 935 1562 particeps
973 1484 1361 1544 secretorum
1403 1480 1484 1561 (is
1516 1480 1596 1543 ad
1626 1480 1953 1544 tribunum
1984 1480 2244 1544 miserat
2277 1484 2624 1564 collicilluaj
2672 1484 3001 1564 comperit,

616 1590 908 1649 metuens
952 1602 1033 1648 ne
1078 1601 1225 1648 reus
1271 1581 1669 1663 subderetur,
1719 1585 1897 1648 iuxta
1940 1583 2296 1663 periculosa
2344 1584 2488 1648 ficta
2516 1604 2624 1648 seu
2676 1608 2825 1648 vera
2857 1608 3001 1668 pro-

616 1695 838 1769 meret,
887 1688 1134 1753 monuit
1174 1686 1421 1751 Liviam
1467 1705 1548 1751 ne
1594 1706 1826 1752 arcana
1871 1688 2112 1764 domus,
2180 1708 2256 1752 ne
2308 1692 2572 1752 consilia
2632 1692 2997 1762 amicorum.

616 1794 970 1858 ministeria
1029 1793 1303 1859 militum
1360 1793 1787 1873 vulgarentur,
1851 1810 2010 1855 neve
2069 1791 2364 1856 'siban-ina
2428 1796 2548 1856 rin]
2612 1796 3001 1876 principatus

613 1898 962 1963 resolveret
1009 1904 1233 1963 cuncta
1293 1898 1375 1962 ad
1420 1903 1711 1963 senatum
1781 1896 2092 1960 vocando;
2164 1916 2304 1960 eain
2368 1900 2801 1960 condicionem
2861 1916 3001 1961 asae

616 2003 992 2085 imperandi,
1044 2007 1114 2067 ut
1157 2020 1283 2066 non
1328 2002 1517 2066 aliter
1561 2002 1722 2065 ratio
1770 2004 2032 2079 constet,
2084 2020 2272 2080 quain
2320 2004 2372 2064 si
2424 2004 2524 2064 uni
2580 2004 2897 2064 reddatur.

798 2109 855 2172 7.
902 2108 987 2171 At
1043 2108 1283 2171 Romae
1343 2124 1529 2170 ruere
1588 2106 1655 2169 in
1715 2106 2045 2169 servitium
2108 2108 2416 2184 consules,
2484 2112 2713 2188 patrea,
2785 2128 2997 2188 aquea.

616 2217 854 2292 quanto
913 2212 1057 2292 quis
1103 2211 1447 2290 inlustrior,
1511 2214 1689 2274 tanto
1751 2209 1953 2289 magis
2012 2207 2152 2272 salai
2220 2228 2292 2272 ac
2340 2208 2733 2284 festinantea,
2797 2212 2997 2276 vultu-

617 2333 742 2395 que
774 2315 1139 2397 composite,
1188 2333 1269 2378 ne
1298 2314 1453 2378 laeti
1486 2331 1754 2377 excessu
1783 2313 2092 2395 principis
2132 2332 2252 2376 nau
2288 2316 2600 2376 tristiore-s
2632 2316 2997 2396 primordio,

615 2419 909 2484 lacrimas
942 2419 1263 2499 gaudium,
1303 2422 1567 2499 questus
1599 2416 2029 2481 adulationem
2059 2417 2430 2481 miscebant.
2480 2416 2625 2482 Sex.
2660 2417 3001 2499 Pompeius

615 2529 682 2588 et
727 2522 870 2588 SeX.
918 2523 1270 2604 Appuleius
1318 2523 1605 2586 consules
1650 2522 1841 2603 primi
1872 2522 1939 2585 in
1969 2521 2165 2584 verba
2208 2520 2445 2585 Tiberii
2489 2518 2782 2586 Caesaris
2828 2523 2997 2585 iura-

615 2646 782 2708 vere,
833 2626 1128 2708 apudque
1172 2645 1282 2691 eos
1330 2624 1516 2690 Seius
1564 2624 1794 2690 Strabo
1842 2629 1907 2690 et
1954 2622 2021 2689 C.
2070 2624 2436 2705 Turranius,
2492 2626 2600 2690 ille
2645 2626 2997 2707 praetoria-

614 2751 752 2796 rum
801 2732 1155 2797 cohortium
1198 2729 1580 2812 praefectuS,
1641 2730 1745 2794 hic
1789 2747 2111 2807 annonae;
2175 2749 2319 2794 mox
2366 2734 2625 2794 senatus
2687 2731 3000 2812 milesque

617 2843 683 2902 et
724 2837 1012 2918 populus.
1074 2853 1222 2899 nam
1280 2834 1578 2899 Tiberius
1639 2839 1865 2898 cuncta
1908 2852 2024 2915 per
2068 2835 2358 2899 consules
2409 2832 2774 2915 incipiebat,
2835 2839 2996 2899 tam-

617 2960 808 3024 quam
866 2946 1084 3005 vetere
1151 2959 1221 3005 re
1281 2939 1535 3021 publica
1603 2943 1669 3003 et
1726 2937 2059 3019 ambiguus
2120 2938 2509 3021 imperandi:
2580 2956 2662 3003 ne
2722 2938 3001 3004 edictum

616 3045 892 3127 quidem,
939 3062 1062 3126 quo
1107 3050 1323 3126 patres
1368 3045 1435 3108 in
1481 3044 1722 3107 curiam
1765 3042 2052 3121 vocabat,
2098 3044 2223 3108 nisi
2253 3043 2634 3108 tribuniciae
2665 3043 3000 3124 potestatis

617 3150 1122 3231 praescriptione
1167 3149 1384 3231 posuit
1428 3149 1545 3213 sub
1595 3149 1881 3228 Augusto
1942 3153 2261 3229 acceptae.
2325 3147 2519 3213 verba
2566 3147 2760 3211 edicti
2817 3144 3000 3210 fuere

616 3272 821 3336 pauca
867 3258 933 3318 et
976 3270 1165 3318 sensu
1211 3253 1649 3335 permodesto:
1701 3253 1782 3316 de
1825 3252 2171 3317 honoribus
2216 3254 2500 3333 parentis
2547 3251 2997 3329 consulturum,

617 3376 825 3438 neque
871 3358 1217 3423 abscedere
1262 3376 1300 3420 a
1346 3375 1611 3438 corpore
1669 3357 1863 3437 idque
1911 3375 2103 3420 unum
2164 3374 2240 3420 ex
2301 3356 2573 3437 publicis
2633 3355 3001 3419 muneribus

616 3479 943 3542 usurpare.
991 3462 1106 3526 sed
1153 3460 1448 3526 defuncto
1493 3462 1782 3541 Augusto
1830 3461 2077 3540 signum
2122 3460 2462 3542 praetoriis
2523 3459 2885 3524 cohortibus
2930 3463 3003 3522 ut

617 3567 963 3647 imperator
994 3566 1292 3645 dederat3
1340 3566 1667 3645 excubiae,
1699 3583 1895 3643 arma,
1944 3569 2155 3629 cetera
2196 3564 2414 3642 aulae;
2461 3564 2644 3628 miles
2676 3565 2742 3628 in
2771 3563 2997 3640 forum,

615 3670 798 3734 miles
866 3671 932 3733 in
998 3671 1239 3734 curiam
1307 3670 1746 3734 comitabatur.
1825 3669 2073 3734 litteras
2140 3669 2222 3732 ad
2288 3669 2603 3733 exercitus
2677 3674 3001 3748 tamquam

619 3773 889 3856 adeptus
913 3774 1336 3855 principatum
1365 3774 1559 3852 misit,
1605 3792 1917 3854 nusquam
1964 3771 2438 3853 cunctabundus
2481 3771 2605 3834 nisi
2637 3789 2780 3834 cum
2809 3772 2875 3835 in
2904 3789 3001 3834 se-

617 3883 766 3942 natu
812 3878 1200 3958 loqueretur.
1261 3895 1455 3942 causa
1498 3878 1845 3959 praecipua
1890 3895 1967 3941 ex
2010 3876 2371 3956 formidine,
2434 3892 2514 3940 ne
2560 3873 2996 3953 GermanicuS,

617 3983 685 4046 in
731 3983 909 4046 cuius
968 4000 1161 4045 manu
1220 3987 1315 4047 tot
1373 3981 1676 4062 legiones,
1738 3982 2049 4046 immensa
2109 3982 2425 4046 sociorum
2484 3979 2739 4060 auxilia,
2801 3979 3002 4043 mirus

619 4087 789 4168 apud
833 4087 1136 4168 populum
1192 4086 1388 4166 favor,
1453 4085 1691 4151 habere
1734 4086 2073 4167 imperium
2134 4103 2324 4166 quam
2385 4090 2725 4166 expectare
2768 4083 3001 4148 mallet.

620 4189 815 4254 dabat
859 4196 923 4254 et
964 4188 1192 4268 famae,
1241 4196 1310 4255 ut
1354 4195 1613 4254 vocatus
1660 4190 2026 4270 electusque
2070 4190 2283 4269 potius
2330 4208 2367 4251 a
2413 4207 2481 4252 re
2527 4187 2781 4268 publica
2826 4186 3000 4251 vide-

618 4300 795 4360 retur
839 4313 1028 4375 quam
1086 4313 1201 4376 per
1247 4296 1538 4358 uxorium
1581 4294 1889 4357 ambitum
1924 4299 1988 4358 et
2017 4293 2202 4357 senili
2249 4293 2590 4374 adoptione
2636 4291 3002 4373 inrepsisse.
