3300 5425
840 423 936 475 AB
972 423 1300 475 EXGESEU
1336 419 1652 475 Mutum]
1689 423 1785 475 ΠΙ.
1825 427 1889 475 fis
1905 427 2049 475 -s4.
2553 419 2629 483 ΕΠ

231 643 236 667 ι
248 631 444 691 [imm
512 615 632 679 linc„
673 615 984 695 adsequi,
1056 619 1128 679 ut
1192 615 1400 695 palam„
1468 615 1652 679 fieret
1725 611 1953 694 quibus
2033 611 2289 687 flagitiis
2361 611 2637 687 impares

228 735 556 780 essemus.
608 719 720 784 ssd
768 719 860 784 illi
904 719 1160 800 quiden]
1208 719 1412 784 affinio
1460 719 1657 784 functi
1717 723 1881 796 sunt,
1945 723 2017 780 ut
2077 719 2325 780 fleterna
2389 731 2641 792 qunque

232 824 664 900 magistratus
712 840 828 884 sua
872 824 1088 888 munia
1136 824 1400 904 implere
1460 824 1685 884 velim:
1757 820 1910 884 mihi
1981 824 2193 884 autem
2265 836 2469 896 nsque
2529 816 2641 880 hn-

232 932 508 992 nsstum
552 928 744 992 silere
788 944 996 1008 nsque
1040 928 1332 1008 proloqui
1396 928 1781 1008 expeditum,
1853 924 2005 1004 quia
2069 944 2193 988 nnn
2261 924 2485 988 aedilis
2537 928 2645 984 aut

228 1032 568 1108 praemiis
612 1036 724 1092 aut
768 1032 1040 1096 consulis
1088 1032 1288 1112 partis
1332 1032 1632 1096 sustines.
1685 1032 1885 1092 maius
1929 1028 2173 1108 aliquid
2221 1032 2285 1092 st
2329 1024 2641 1088 excelsius

232 1152 272 1192 a
328 1136 624 1212 principe
670 1136 1060 1216 postulatum
1124 1144 1188 1200 et
1248 1152 1388 1200 cum
1436 1140 1608 1200 recte
1652 1132 1965 1196 facturum
2013 1132 2133 1196 sibi
2185 1132 2453 1212 quisquis
2501 1144 2641 1208 gra-

230 1236 412 1304 tiam
456 1236 728 1316 trahant,
784 1240 964 1304 unius
1000 1240 1240 1304 invidia
1272 1240 1348 1304 ab
1388 1240 1677 1304 amnibus
1725 1244 2041 1320 pescatur.
2093 1236 2241 1316 qnid
2293 1232 2461 1296 enim
2513 1232 2641 1312 pri·
2665 1280 2669 1283 η.

232 1360 424 1404 mum
472 1340 808 1420 probibere
856 1352 920 1404 st
964 1344 1240 1424 priscum
1288 1344 1368 1408 ad
1412 1363 1652 1408 morem
1701 1340 1985 1404 residere
2033 1336 2417 1420 adgrediar?
2465 1336 2645 1396 villa*

232 1460 499 1508 rumne.
524 1444 770 1532 infinita
816 1448 1068 1532 spatia?
1112 1448 1498 1512 familiarii·
1544 1464 1877 1511 numerum
1916 1452 1983 1508 et
2012 1444 2353 1507 nationes?
2398 1440 2642 1519 argenti

235 1552 312 1627 et
363 1546 844 1638 auripondus‘?
905 1550 1072 1614 aeris
1131 1551 1619 1631 tabularumque
1682 1546 2033 1612 miracula?
2095 1545 2446 1628 promiscas
2489 1543 2645 1606 viris

238 1656 314 1714 et
348 1642 656 1740 ¹,feminis
703 1656 914 1733 vestes
981 1660 1173 1736 atque
1225 1655 1335 1719 illa
1385 1653 1765 1718 feminarum
1810 1652 2085 1735 propria,
2150 1650 2291 1732 quis
2337 1646 2645 1731 [lapidum

237 1754 473 1839 causa]
533 1758 844 1837 pecuniae
903 1763 1163 1824 nostrae
1209 1760 1291 1826 ad
1335 1764 1629 1823 externas
1690 1761 1802 1820 aut
1860 1754 2109 1819 hostilis
2172 1758 2393 1834 gentes
2437 1757 2643 1815 trans-

241 1857 596 1947 feruntur?

373 2021 376 2026 ,
430 1962 533 2029 54.
577 1964 711 2035 Nec
755 1966 974 2045 ignoro
1020 1966 1086 2030 in
1131 1967 1436 2053 conviviis
1464 1972 1549 2037 ‚et
1593 1965 1845 2029 circulis
1904 1961 2184 2027 incusari
2229 1962 2355 2025 ista
2400 1962 2467 2023 et
2510 1976 2642 2021 mo-

245 2066 433 2160 dum,
456 2069 668 2149 posci:
715 2069 829 2133 sed
876 2070 930 2133 si
975 2071 1119 2150 quis
1163 2070 1369 2149 legem
1415 2071 1677 2148 sanciat,
1724 2086 1963 2152 poenas
2007 2067 2265 2145 indicat,
2314 2064 2509 2127 iidem
2551 2061 2644 2125 illi
2728 2088 2768 2119 .·

218 2171 580 2260 ,ciyitatem
627 2174 808 2253 verti,
872 2171 1385 2255 splendidissimo
1448 2175 1677 2254 cuique
1723 2174 1989 2238 exitium
2033 2170 2263 2253 parari,
2327 2167 2645 2231 neminem

246 2277 540 2368 (miminis
586 2283 913 2368 expertem
958 2277 1388 2344 clamitabunt.
1417 2280 1615 2359 ‚atqui
1659 2297 1740 2343 ne
1788 2276 2070 2359 corporis
2102 2269 2647 2354 quidem‘morbos

244 2384 505 2474 veteres
533 2386 620 2445 ‚et
658 2381 768 2445 diu
798 2387 1018 2469 auctos
1061 2383 1203 2470 nisi⁸
1231 2401 1348 2464 per
1383 2381 1543 2446 dura
1588 2386 1655 2447 et
1685 2400 1914 2463 aspera
1944 2397 2269 2459 coerceas:
2318 2379 2651 2466 corruptus

217 2484 452 2575 simul,
465 2490 554 2577 10¹³
599 2492 946 2575 corruptor,
996 2506 1188 2569 aeger
1219 2492 1300 2552 et.
1329 2486 1603 2567 flagrans
1647 2488 1899 2551 animus
1943 2467 2115 2550 haud
2158 2480 2508 2547 levioribus
2547 2498 2643 2558 re·

246 2590 484 2676 mediis
508 2590 997 2671 restinguendus
1021 2597 1138 2670 est,
1171 2609 1362 2672 quam
1392 2590 1763 2656 libidinibus
1789 2590 2081 2654 ardescit.
2109 2592 2205 2652 tot
2234 2605 2273 2649 a
2302 2584 2641 2653 maioribus

252 2700 555 2779 repertae
611 2694 818 2776 legeS,
877 2701 970 2761 tot
1032 2716 1190 2777 quas
1237 2696 1418 2761 divus
1479 2696 1804 2777 Augustus
1863 2694 2030 2773 tulit,
2097 2692 2246 2758 illae
2313 2689 2640 2775 oblivione,

244 2798 393 2880 hae,
442 2799 613 2896 quod
658 2799 1056 2881 flagitiosius,
1082 2806 1196 2881 est,
1260 2806 1623 2885 contemptu
1671 2800 1948 2865 abolitae
1995 2797 2381 2863 securiorem
2430 2795 2641 2859 luxum

247 2901 484 2969 fecere.
533 2923 680 2968 nam
727 2907 788 2972 si
828 2906 986 2973 velis
1019 2905 1186 2987 quod
1230 2905 1512 2970 nondum
1541 2906 1811 2970 vetitum
1859 2909 1975 2984 est,
2023 2902 2253 2968 timeas
2282 2918 2365 2964 ne
2391 2901 2642 2963 vetere:

250 3012 323 3072 at
366 3008 421 3073 si
455 3008 787 3097 prohibita
815 3011 1089 3101 'impune
1147 3009 1636 3089 transcenderis,
1707 3027 1917 3089 neque
1976 3011 2183 3072 metus
2228 3005 2395 3077 ultra
2437 3017 2645 3080 neque
2682 3042 2687 3046 -

248 3111 458 3194 pudor
503 3117 617 3203 est,
666 3133 799 3202 cur,
821 3131 971 3194 ergo
1019 3115 1167 3179 olim
1212 3113 1599 3195 parsimonia
1645 3113 1972 3194 pollebat?
2019 3111 2171 3193 quia
2214 3109 2334 3176 sibi
2378 3108 2645 3191 quisque

249 3216 721 3304 moderabatur,
769 3219 919 3299 quia
963 3220 1150 3284 unius
1195 3218 1368 3282 urbis
1398 3217 1568 3281 cives
1617 3235 1904 3295 eramus3
1951 3235 2034 3281 ne
2063 3214 2470 3291 inritamenta
2501 3209 2646 3289 qui-

252 3320 401 3389 dem
426 3322 672 3408 ¹¹eadem
715 3323 888 3413 intra
927 3322 1177 3403 Italiam
1224 3322 1715 3389 dominantibus.
1767 3321 2047 3401 externis
2091 3317 2372 3385 victoriis
2416 3313 2642 3389 aliena,

249 3425 544 3510 civilibus
588 3429 782 3517 etiam
822 3433 1043 3509 ,nostra
1087 3445 1457 3515 consumere
1501 3426 1860 3492 didicimus,
1914 3424 2283 3507 quantulum
2308 3418 2481 3484 istud
2526 3421 2640 3491 est,

253 3529 338 3593 de
381 3549 507 3612 quo
553 3534 792 3598 aediles
837 3531 1207 3598 admonent!
1257 3552 1463 3615 quam,
1515 3533 1568 3596 si
1615 3535 1831 3595 cetera
1876 3529 2199 3610 respiciaS,
2248 3524 2315 3588 in
2359 3522 2487 3587 levi
2530 3519 2641 3582 ha-

251 3633 565 3726 bendum!
612 3642 679 3703 at
706 3638 964 3704 hercule
993 3657 1179 3703 nemo
1213 3637 1424 3717 refert,
1459 3635 1627 3719 quod
1658 3634 1844 3700 Italia
1876 3639 2176 3699 externae
2210 3629 2348 3710 opis
2379 3625 2642 3716 indiget,

196 3816 203 3825 ,
254 3743 424 3824 quod
468 3744 602 3808 vita
643 3743 865 3826 populi
907 3742 1178 3807 Romani
1221 3761 1338 3824 per
1382 3743 1624 3806 incerta
1668 3740 1863 3804 maris
1924 3744 1990 3804 et
2030 3736 2480 3816 tempestatum
2541 3747 2646 3815 co-

258 3847 422 3913 tidie
466 3847 756 3931 volvitur.
803 3865 878 3912 ac
920 3847 1048 3912 nisi
1072 3847 1538 3929 provinciarum
1571 3845 1791 3926 copiae
1835 3849 1901 3908 et
1945 3839 2214 3912 dominis
2260 3841 2325 3898 et
2366 3832 2646 3898 servit-iis

255 3957 324 4032 et
365 3952 536 4033 agris
583 3952 1013 4030 subvenerint,
1060 3957 1280 4016 nostra
1307 3970 1423 4016 nos
1457 3950 1702 4016 scilicet
1744 3965 2001 4040 nemora
2039 3948 2422 4019 nostraeque
2453 3935 2645 4002 villae

252 4057 624 4124 tuebuntur.
657 4055 838 4137 hanc,
887 4062 1102 4139 patres
1149 4057 1533 4137 conscripti,
1559 4072 1776 4119 curam
1806 4050 2077 4118 sustinet
2104 4045 2433 4127 princeps3
2489 4042 2649 4105 haec

254 4162 490 4241 omissa
527 4159 819 4243 funditus
865 4179 1000 4224 rem
1043 4160 1363 4241 publicam
1407 4160 1642 4224 trahet.
1690 4157 1954 4240 reliquis
1993 4154 2159 4218 intra
2204 4151 2483 4231 animum
2514 4163 2647 4209 me-

194 4323 200 4331 .
255 4267 534 4347 dendum
581 4271 708 4331 est:
777 4285 893 4330 nos
939 4264 1159 4346 pudor,
1207 4281 1524 4345 pauperes
1591 4263 1958 4341 necessitaS,
2022 4255 2249 4321 divites
2324 4251 2520 4317 satias
2582 4251 2647 4313 in

355 4382 496 4420 'raom
521 4381 571 4420 ab
602 4389 694 4419 exo.
725 4379 836 4426 Aug.
867 4378 1010 4417 1-111.
2321 4361 2361 4422 7
2389 4355 2393 4358 ’
