3300 5425
624 451 708 507 dl]
1504 443 1588 495 Gn
1600 443 1689 495 iffi
1701 443 1849 495 Elin
1889 443 2132 491 Tffl‘jffl

800 631 900 695 133.
972 631 1100 695 seu
1148 631 1564 691 Germanicus
1628 631 1953 691 sedentum
2017 635 2081 691 iu
2129 635 2269 695 avia
2317 635 2665 695 Arminium
2729 643 3025 695 seit-utus.

628 735 736 795 uhi
784 735 1056 816 primuni
1108 735 1292 816 sapia
1336 735 1472 811 fuit,
1540 735 1721 795 evehi
1769 735 2017 811 equites
2073 755 2509 816 campumque,
2577 755 2765 816 [luem
2813 735 3033 799 bustis

628 840 968 916 insederat,
1024 840 1188 920 eripi
1236 840 1432 900 iubet.
1488 840 1805 900 dunimius
1841 836 2049 912 [infligi
2085 860 2233 900 suus
2281 848 2345 900 et
2377 844 2801 920 propinquare
2837 844 3033 904 silvis

624 944 896 1008 munitus.
928 944 1112 1004 vertit
1164 948 1456 1020 repente:
1512 960 1648 1004 mox
1685 944 1937 1012 siguum
1985 944 2433 1024 lumin-[liuprandi
2469 944 2649 1008 dei-lit
2693 944 2793 1024 iifl,
2841 964 3017 1024 quus

624 1064 736 1127 per
780 1048 980 1108 saltus
1016 1044 1452 1108 occultaverat.
1488 1056 1636 1108 tunn-
1685 1064 1841 1108 unua
1873 1048 2009 1108 usin
2045 1048 2333 1108 turbatus
2381 1068 2593 1128 eques,
2646 1048 3021 1128 missaeque

624 1148 1048 1212 subsidiariae
1108 1148 1396 1212 subortas
1460 1156 1524 1212 ut.
1568 1148 1947 1220 fugientium
2009 1152 2257 1228 agmine
2321 1152 2629 1232 impulsae
2697 1160 3021 1216 auxerunt

624 1256 1228 1328 consternationeffl;
1280 1252 1825 1332 trudebanturque
1869 1252 1933 1312 iu
1967 1252 2259 1332 paludum
2297 1272 2553 1332 gnaram
2605 1256 3013 1320 rimantibus

624 1356 902 1436 iniquam
952 1359 1200 1432 nessiis,
1256 1360 1316 1420 ni
1368 1356 1604 1420 [hie-sar
1648 1355 1989 1436 productas
2037 1356 2317 1432 legimns
2365 1356 2805 1424 instruxisset:
2861 1360 3013 1424 inde

623 1460 912 1524 hostilius
944 1464 1164 1536 terror,
1216 1460 1448 1524 fidus-ia
1480 1460 1705 1534 militi,
1753 1464 1821 1520 et
1865 1460 2157 1524 manibus
2189 1464 2409 1540 aequis
2445 1464 2810 1528 dissessum.
2861 1484 3009 1528 uina:

620 1564 876 1625 rediisti]
940 1564 1016 1624 ad
1072 1564 1372 1626 Amisiam
1436 1564 1717 1625 exeruitu
1769 1564 2049 1639 legibiles
2097 1564 2315 1642 alasse,
2373 1572 2441 1628 ut
2489 1568 2849 1647 ailrexefflt,
2899 1588 3005 1632 re-

616 1669 860 1746 portat;
922 1684 1070 1746 pars
1117 1666 1402 1745 equitum
1448 1665 1634 1730 litore
1682 1664 1922 1729 Oceani
1967 1671 2187 1745 petere
2230 1666 2519 1731 Rhenum
2564 1670 2771 1747 iussa;
2844 1669 3005 1734 Cae-

621 1769 784 1845 cina,
848 1770 954 1848 qui
1001 1787 1184 1832 suum
1228 1769 1496 1832 militem
1543 1769 1833 1845 ducebat,
1896 1770 2192 1849 monitus,
2248 1788 2630 1851 quamquam
2677 1774 2846 1838 notis
2892 1775 3002 1839 iti-

616 1871 876 1935 neribus
936 1873 1401 1952 regrederetur,
1464 1879 1691 1953 pontes
1737 1872 1958 1950 longos
2020 1891 2207 1953 quam
2257 1876 2627 1939 maturrime
2673 1896 3003 1964 superare.

617 1981 923 2055 angustus
985 1977 1041 2040 is
1086 1982 1323 2057 trames
1366 1981 1580 2040 vastas
1640 1978 1810 2039 inter
1854 1975 2119 2055 paludes
2179 1981 2247 2040 et
2289 1978 2607 2056 quondam
2670 1998 2706 2043 a
2751 1980 2822 2043 L.
2871 1981 3001 2046 Do-

616 2079 797 2142 mitio
858 2086 1214 2159 aggeratus,
1278 2086 1491 2144 cetera
1552 2080 1799 2159 limosa,
1871 2080 2121 2142 tenacia
2180 2081 2357 2159 gravi
2419 2100 2612 2146 caeno
2676 2090 2787 2148 aut
2846 2085 3005 2149 rivis

614 2183 860 2246 incerta
904 2189 1117 2261 erant;
1165 2183 1399 2247 circum
1445 2184 1641 2248 silvae
1701 2182 2008 2264 paulatim
2053 2183 2351 2263 adclives,
2403 2205 2560 2267 quas
2605 2193 2740 2251 tum
2782 2187 3004 2253 Armi-

615 2286 758 2349 nius
805 2286 1087 2367 inplevit,
1153 2287 1543 2367 compendiis
1591 2288 1834 2351 viarum
1880 2292 1946 2350 et
1990 2288 2113 2351 cito
2160 2288 2411 2367 agmine
2459 2296 2753 2354 onustum
2800 2293 2997 2356 sarci-

613 2390 713 2453 nis
789 2390 1110 2469 armisque
1185 2392 1451 2456 militem
1528 2410 1669 2454 cum
1744 2392 2194 2456 antevenisset.
2274 2389 2587 2456 Caecinae
2655 2394 2993 2475 dubitanti,

615 2512 888 2573 quonam
933 2494 1119 2557 modo
1167 2499 1387 2575 ruptos
1432 2500 1751 2558 vetustate
1809 2501 2035 2574 pontes
2096 2503 2433 2575 reponeret
2494 2497 2807 2578 simulque
2851 2516 2999 2579 pro-

612 2596 897 2676 pulsaret
940 2598 1205 2677 hostem,
1271 2603 1478 2661 castra
1535 2599 1763 2662 metari
1826 2599 1892 2662 in
1937 2598 2074 2662 loco
2120 2598 2376 2679 placuit,
2443 2608 2512 2665 ut
2555 2619 2714 2681 opus
2777 2608 2843 2666 et
2886 2602 2998 2665 alii

613 2700 927 2781 proelium
973 2702 1345 2783 inciperent.

787 2804 886 2869 64.
931 2805 1198 2870 Barbari
1243 2804 1636 2886 perfringere
1683 2807 1991 2871 stationes
2036 2825 2233 2887 seque
2279 2807 2516 2872 inferre
2562 2808 2990 2874 munitoribus

613 2909 737 2972 nisi
784 2910 1119 2989 lacessunt,
1169 2909 1801 2990 circumgrediuntur,
1852 2914 2214 2974 occursant:
2263 2911 2566 2975 miscetur
2596 2914 2997 2992 operantium

533 3002 538 3007 ⁵
611 3013 1112 3095 bellantiumque
1158 3013 1412 3078 clamor.
1476 3021 1541 3078 et
1585 3019 1811 3078 cuncta
1855 3015 2099 3094 pariter
2143 3014 2445 3078 Romanis
2491 3015 2775 3095 adversa,
2823 3015 2999 3080 locus

615 3117 854 3197 uligine
899 3117 1232 3199 profunda,
1296 3118 1464 3182 idem
1513 3118 1593 3181 ad
1639 3118 1908 3197 gradum
1967 3117 2301 3196 instabiliS,
2366 3118 2856 3199 procedentibus
2900 3120 2998 3183 lu-

611 3221 841 3301 bricus,
906 3240 1170 3302 corpora
1229 3224 1448 3301 gravia
1505 3213 1755 3299 lo'ricis3
1815 3238 2025 3301 neque
2082 3220 2319 3285 librare
2377 3221 2518 3303 pila¹
2567 3222 2737 3286 inter
2794 3222 2999 3286 undas

611 3331 922 3406 poterant.
989 3332 1206 3390 contra
1254 3325 1593 3389 Cheruscis
1639 3329 1823 3388 sueta
1880 3325 2049 3405 apud
2096 3323 2359 3405 paludes
2404 3325 2667 3405 proelia,
2729 3345 2998 3408 procera

609 3430 913 3506 membra,
976 3429 1197 3493 hastae
1258 3430 1548 3508 ingentes
1609 3428 1692 3491 ad
1736 3428 1999 3491 vulnera
2056 3427 2349 3493 facienda
2412 3430 2698 3509 quamvis
2755 3430 2993 3511 procul.

611 3551 732 3594 nox
794 3531 1049 3597 demum
1109 3533 1471 3597 inclinantis
1531 3533 1661 3595 iam
1721 3531 2003 3611 legiones
2064 3531 2370 3596 adversae
2429 3551 2680 3613 pugnae
2740 3534 2991 3596 exemit.

609 3634 914 3699 Germani
977 3636 1054 3698 ob
1100 3655 1406 3716 prospera
1451 3634 1776 3712 indefessi,
1840 3654 1921 3698 ne
1966 3640 2100 3698 tum
2145 3636 2404 3715 quidem
2458 3643 2710 3716 sumpta
2755 3637 2989 3716 quiete,

609 3745 916 3819 quantum
948 3758 1252 3819 aquarum
1287 3739 1521 3802 circum
1553 3740 1960 3819 surgentibus
2005 3739 2172 3818 iugis
2204 3741 2407 3803 oritur
2450 3745 2700 3803 vertere
2745 3741 2813 3804 in
2844 3741 2993 3806 sub—

578 3844 790 3920 ·iecta,
841 3861 1179 3923 mersaque
1222 3843 1412 3906 humo
1461 3848 1526 3906 et
1556 3844 1780 3907 obruto
1827 3842 1992 3925 quod
2038 3842 2333 3907 effectum
2379 3845 2589 3924 operis
2636 3843 2993 3924 duplicatus

607 3947 796 4011 militi
842 3947 1037 4011 labor.
1087 3948 1686 4027 quadragensimum
1733 3947 1792 4010 id
1829 3947 2216 4027 stipendium
2250 3946 2523 4011 Caecina
2568 3947 2836 4027 parendi
2881 3955 2995 4013 aut

607 4049 1017 4130 imperitandi
1062 4051 1356 4130 habebat,
1422 4051 1842 4114 secundarum
1905 4051 2469 4131 ambiguarumque
2523 4069 2735 4114 rerum
2783 4052 2990 4116 sciens

609 4171 810 4232 eoque
855 4154 1202 4218 interritus.
1268 4156 1464 4233 igitur
1506 4154 1721 4218 futura
1765 4155 2021 4217 volvens
2084 4172 2206 4217 non
2253 4153 2426 4217 aliud
2472 4155 2756 4234 repperit
2799 4174 2991 4236 quam

610 4263 679 4320 ut
722 4256 968 4320 hostem
1029 4258 1201 4322 silvis
1263 4264 1602 4338 coerceret,
1665 4258 1864 4321 donec
1925 4259 2124 4322 saucii
2186 4262 2619 4338 quantumque
2681 4259 2990 4334 gravioris
