3300 5425
536 415 604 475 ΠΙ
1400 415 1484 459 f‘s'l
1499 415 1581 467 ΠΝ
1600 415 1741 471 MAI
1781 419 2021 475 ‘1'.-⁴=.[!1'l'1

518 616 836 680 nocturnis
884 616 1232 696 conloquiis
1280 624 1392 676 aut
1436 616 1596 680 flexo
1644 616 1706 680 in
1745 636 2069 696 reaperaln
2121 616 2221 680 [lia
2273 616 2629 696 tit-dilapsis
2681 616 2897 680 melin*

524 720 696 780 ribus
744 720 1152 784 deterrimum
1200 740 1512 800 *pleraque
1560 740 1961 792 congregare.

704 825 792 884 [ἶ.
848 824 1172 884 [mat-remu
1220 824 1528 904 promptis
1580 828 1701 888 iam
1733 832 1797 888 el:
1829 824 1969 888 aliis
2017 824 2349 888 seditionis
2397 828 2701 888 ministris
2737 828 2901 888 velut

528 928 1072 988 mu]tifflffilnnnlus
1132 928 1580 996 iuraras-aluit,
1648 948 1761 992 nur
1821 932 2037 1008 pastris
2085 932 2585 996 centuriunilms.
2653 932 2901 1008 fallacia*

524 1031 692 1092 vilius
740 1032 1012 1096 tribunis
1076 1032 1136 1096 in
1184 1032 1436 1096 mullum
1500 1052 1821 1096 serruruffl
1885 1032 2273 1096 ‹annulo-eut..
2341 1032 2589 1112 quanda
2641 1052 2901 1096 :insumis

520 1152 861 1212 exposcere
923 1136 1225 1212 remedia,
1295 1136 1418 1198 nisi
1479 1156 1709 1197 nurum
1773 1148 1836 1199 et
1897 1144 2222 1199 nutantem
2291 1136 2495 1199 adhuc
2554 1140 2902 1216 principem

514 1236 811 1317 precibus
858 1238 956 1302 vel
1003 1239 1195 1302 armis
1241 1238 1492 1302 adirent
1507 1239 1537 1301 ⁴?
1583 1240 1740 1303 satis
1773 1256 1887 1318 per
1916 1243 2011 1301 tot
2041 1256 2238 1303 annos
2270 1240 2522 1318 ignavia
2554 1244 2902 1319 peccatum,

513 1341 682 1420 quod
725 1342 970 1406 tricena
1014 1348 1125 1406 aut
1169 1343 1575 1423 quadragena
1607 1342 1928 1422 stipendia
1958 1360 2143 1406 senes
2175 1350 2241 1407 et
2272 1344 2562 1423 plerique
2608 1348 2900 1406 truncato

519 1464 593 1508 ex
640 1446 1005 1512 vulneribus
1066 1465 1328 1527 corpore
1388 1448 1681 1511 tolerent.
1744 1464 1825 1509 ne
1872 1446 2150 1510 dimissis
2210 1447 2469 1527 quidem
2528 1446 2718 1511 finem
2764 1464 2903 1509 esse

512 1549 799 1629 militiae,
849 1550 962 1614 sed
1023 1551 1192 1633 apud
1239 1551 1537 1614 vexillum
1590 1551 1925 1615 tendentes
1986 1550 2111 1613 alio
2158 1550 2460 1613 vocabulo
2509 1550 2767 1615 eosdem
2811 1550 2900 1613 la·

511 1652 697 1716 bores
743 1652 1045 1733 perferre.
1096 1673 1170 1718 ac
1216 1656 1269 1718 si
1317 1656 1459 1735 quis
1504 1661 1600 1719 tot
1631 1673 1815 1719 casus
1860 1655 1990 1718 vita
2024 1656 2437 1734 superaverit,
2486 1654 2653 1718 trahi
2700 1653 2903 1717 adhuc

514 1755 800 1820 diversas
846 1758 912 1820 in
959 1763 1181 1835 terras,
1231 1759 1338 1822 ubi
1385 1776 1500 1838 per
1534 1776 1764 1821 nomen
1810 1775 2104 1836 agrorum
2149 1758 2419 1835 uligines
2465 1758 2765 1839 paludum
2805 1757 2902 1821 vel

513 1860 752 1924 inculta
797 1862 1104 1926 montium
1152 1862 1484 1944 accipiant.
1535 1862 1854 1925 enimvero
1896 1861 2187 1925 militiam
2235 1863 2437 1943 ipsam
2486 1879 2756 1940 gravem,
2808 1861 2902 1923 in-

508 1962 929 2029 fructuosam:
987 1967 1168 2030 denis
1215 1968 1280 2030 in
1327 1967 1495 2030 diem
1543 1966 1792 2030 assibus
1840 1966 2112 2028 animam
2160 1970 2223 2029 et
2268 1983 2494 2046 corpus
2540 1966 2899 2029 aestimari:

508 2067 654 2132 hinc
691 2076 934 2134 vestem
967 2089 1143 2134 arma
1171 2070 1464 2147 tentoria,
1513 2069 1659 2132 hinc
1707 2069 2106 2133 clementiam
2154 2070 2591 2134 centurionum
2625 2075 2689 2132 et
2718 2086 2899 2131 vaca-

508 2173 716 2237 tiones
762 2192 1094 2238 munerum
1154 2173 1402 2237 redimi.
1461 2180 1528 2237 at
1570 2172 1827 2236 hercule
1895 2173 2160 2236 verbera
2222 2178 2287 2237 et
2332 2173 2609 2252 vulnera,
2676 2172 2899 2235 duram

508 2276 802 2354 hiemem,
871 2278 1182 2341 exercitas
1244 2283 1538 2354 aestateS,
1617 2277 1851 2341 bellum
1915 2283 2093 2340 atrox
2164 2282 2273 2340 aut
2333 2275 2616 2340 sterilem
2677 2295 2897 2356 pacem

508 2383 913 2462 sempiterna.
978 2401 1094 2446 nec
1147 2381 1318 2446 aliud
1377 2382 1803 2445 levamentum
1865 2399 2053 2461 quam
2102 2382 2159 2444 si
2220 2381 2412 2444 certis
2472 2381 2588 2445 sub
2648 2381 2895 2459 legibus

508 2484 735 2549 militia
779 2487 1065 2565 iniretur,
1133 2492 1203 2549 ut
1247 2486 1527 2565 singulos
1574 2485 1869 2549 denarios
1932 2490 2267 2563 mererent,
2333 2489 2547 2548 sextus
2594 2485 2895 2549 decumus

507 2588 809 2669 stipendii
855 2607 1057 2653 annus
1101 2588 1289 2653 finem
1338 2588 1636 2667 adferret,
1703 2607 1781 2652 ne
1829 2590 1995 2654 ultra
2040 2590 2156 2653 sub
2204 2588 2451 2652 vexillis
2504 2593 2891 2667 tenerentur,

503 2692 616 2756 sed
662 2692 864 2757 isdem
911 2695 976 2757 in
1024 2695 1248 2758 castris
1314 2694 1670 2775 praemium
1736 2693 2007 2775 pecunia
2075 2694 2444 2758 solveretur.
2508 2712 2588 2757 an
2635 2699 2890 2774 praeto·

505 2798 634 2861 rias
682 2797 989 2877 cohorteS,
1054 2816 1217 2878 quae
1264 2798 1445 2862 binos
1493 2797 1789 2862 denarios
1834 2799 2167 2878 accipiant,
2211 2817 2375 2878 quae
2420 2803 2565 2878 post
2616 2798 2892 2862 sedecim

505 2919 702 2965 annos
748 2903 1085 2982 penatibus
1118 2903 1248 2966 suis
1295 2901 1662 2980 reddantur,
1710 2902 1852 2983 plus
1884 2903 2309 2982 periculorum
2351 2903 2723 2983 suscipere?
2769 2922 2893 2966 non

505 3005 846 3069 obtrectari
909 3026 946 3069 a
1008 3026 1077 3071 se
1149 3007 1421 3069 urbanas
1487 3007 1820 3070 excubias:
1893 3006 2015 3070 sibi
2083 3011 2296 3070 tamen
2366 3006 2532 3086 apud
2602 3007 2892 3072 horridas

503 3116 725 3189 gentes
773 3129 808 3174 e
856 3111 1286 3175 contuberniis
1331 3109 1580 3173 hostem
1628 3111 1847 3191 aspici.

682 3215 779 3279 18.
827 3214 1258 3294 Adstrepebat
1303 3213 1545 3293 vulgus,
1608 3213 1877 3278 diversis
1932 3215 2378 3293 incitamentis,
2443 3214 2506 3278 hi
2556 3215 2891 3279 verberum

502 3325 705 3394 notaS,
768 3318 860 3382 illi
923 3318 1238 3392 canitiem,
1303 3317 1558 3397 plurimi
1621 3318 1858 3381 detrita
1916 3318 2196 3395 tegmina
2257 3324 2323 3382 et
2366 3319 2604 3381 nudum
2667 3338 2892 3400 corpus

504 3423 977 3503 exprobrantes
1012 3427 1328 3501 postremo
1364 3440 1438 3484 eo
1463 3420 1696 3484 furoris
1720 3441 1970 3500 venere,
2028 3430 2097 3485 ut
2147 3427 2277 3485 tres
2310 3422 2593 3500 legiones
2625 3424 2891 3487 miscere

502 3526 566 3588 in
637 3544 824 3588 unam
893 3525 1291 3604 agitaverint.
1361 3524 1609 3604 depulsi
1678 3526 2122 3601 aemulatione,
2196 3526 2346 3605 quia
2407 3545 2560 3590 suae
2619 3529 2889 3607 quisque

504 3629 739 3708 legioni
800 3647 945 3692 eum
1004 3628 1306 3691 honorem
1366 3629 1781 3708 quaerebant,
1847 3629 1969 3692 alio
2033 3635 2287 3693 vertunt
2347 3636 2539 3709 atque
2586 3650 2712 3694 una
2758 3637 2887 3695 tres

501 3732 748 3812 aquilas
810 3739 874 3796 et
933 3732 1116 3811 signa
1176 3731 1528 3797 cohortium
1586 3732 1830 3810 locant3
1894 3733 2081 3797 simul
2144 3739 2491 3812 congerunt
2553 3735 2885 3817 caespites,

502 3842 803 3900 extruunt
831 3836 1127 3914 tribunal,
1178 3855 1302 3916 quo
1332 3838 1536 3915 magis
1573 3838 1912 3918 conspicua
1953 3836 2139 3900 sedes
2182 3836 2367 3902 foret.
2401 3841 2889 3919 properantibus

501 3939 766 4004 Blaesus
812 3941 1087 4016 advenit,
1152 3940 1647 4021 increpabatque
1696 3960 1769 4004 ac
1816 3942 2135 4005 retinebat
2196 3941 2494 4020 singuIOS,
2559 3944 2888 4007 clamitans

499 4037 660 4106 ‘mea
706 4046 915 4126 potius
963 4043 1157 4108 caede
1187 4044 1455 4110 imbuite
1501 4064 1754 4110 manus:
1806 4046 2039 4109 leviore
2084 4044 2326 4123 flagitio
2373 4047 2650 4125 legatum
2693 4047 2885 4111 inter-

500 4147 729 4212 ficietis
790 4168 979 4229 quam
1026 4148 1106 4212 ab
1151 4150 1537 4228 imperatore
1593 4149 1969 4213 desciscitis.
2032 4156 2142 4214 aut
2187 4151 2517 4214 incolumis
2563 4150 2751 4214 fidem
2800 4152 2887 4216 le-

502 4251 760 4330 gionum
808 4252 1116 4329 retinebO,
1167 4257 1278 4316 aut
1322 4252 1642 4331 iugulatus
1689 4254 2142 4333 paenitentiam
2188 4251 2603 4319 adcelerab0.‘
