3300 5425
1064 444 1158 495 AB
1197 442 1524 497 Exonssn
1563 443 1879 497 AUGUSTI
1916 444 1957 495 1.
1996 450 2149 497 2—6.
2758 447 2797 508 3

404 656 595 717 aegro
643 642 710 701 et
753 654 1018 717 corpore
1061 634 1451 715 fatigabatur
1497 636 1848 717 aderatque
1890 632 2036 698 finis
2068 640 2135 699 et
2163 652 2309 716 spes
2339 654 2557 717 novae,
2606 640 2797 718 pauci

404 742 568 806 bona
624 741 940 805 libertatis
1000 740 1067 803 in
1127 758 1374 803 cassum
1437 740 1772 819 disserere,
1843 740 2060 820 plu-res
2120 740 2357 803 bellum
2417 758 2796 821 pavescere,

407 846 519 909 alii
565 863 814 927 cupere.
862 862 1009 925 pars
1054 844 1252 907 multo
1300 844 1575 906 maxima
1619 843 1988 908 inminentis
2029 844 2317 909 dominos
2348 846 2543 909 variis
2588 865 2797 910 rumo-

408 950 586 1013 ribus
633 948 1042 1013 differebant:
1108 954 1350 1011 trucem
1395 946 1745 1027 Agrippam
1791 952 1857 1011 et
1900 948 2247 1025 ignominia
2290 964 2625 1013 accensum
2671 969 2798 1013 non

405 1058 618 1117 aetate
677 1072 885 1132 neque
948 1070 1161 1115 rerum
1223 1051 1620 1131 experientia
1683 1055 1901 1114 tantae
1961 1051 2113 1115 moli
2174 1071 2411 1133 parem,
2472 1052 2799 1117 Tiberium

405 1156 723 1221 Neronem
768 1163 1086 1221 maturum
1118 1156 1318 1234 annis,
1369 1160 1723 1235 spectatum
1754 1155 1941 1234 belle,
1992 1155 2103 1219 sed
2135 1161 2353 1220 vetere
2385 1162 2579 1239 atque
2604 1159 2800 1223 insita

409 1258 718 1336 Claudiae
752 1260 1033 1323 familiae
1064 1260 1384 1340 superbia,
1418 1259 1744 1339 multaque
1776 1259 2012 1323 indicia
2044 1260 2366 1339 saevitiae,
2416 1279 2796 1341 quamquam

408 1370 796 1447 premantur,
862 1382 1214 1445 erumpere.
1278 1362 1446 1426 hunc
1507 1369 1574 1426 et
1631 1364 1839 1444 prima
1898 1363 1977 1426 ab
2043 1362 2310 1428 infantia
2376 1364 2673 1429 eductum
2734 1366 2797 1429 in

409 1468 594 1533 domo
638 1470 1031 1549 regnatrice3
1079 1473 1411 1547 congestos
1455 1468 1669 1530 iuveni
1719 1466 2097 1545 consulatus,
2148 1468 2537 1548 triumphos;
2586 1488 2668 1532 ne
2714 1469 2794 1533 iis

407 1572 667 1653 quidem
713 1572 914 1648 anniS,
977 1572 1208 1651 quibus
1253 1570 1459 1634 Rhodi
1521 1572 1737 1650 specie
1784 1588 2072 1634 secessus
2126 1571 2270 1634 exul
2331 1572 2555 1651 egerit,
2616 1572 2791 1636 aliud

407 1695 598 1758 quam
658 1678 821 1740 iram
880 1682 946 1740 et
1009 1676 1477 1739 simulationem
1546 1680 1611 1738 et
1674 1679 1953 1738 secretas
2020 1674 2339 1740 lubidines
2400 1675 2793 1740 meditatum.
2868 1728 2875 1730 Δ

407 1781 714 1845 accedere
757 1785 1026 1844 matrem
1072 1779 1369 1843 muliebri
1424 1780 1811 1859 inpotentia:
1878 1779 2284 1843 serviendum
2327 1778 2601 1843 feminae
2647 1780 2795 1844 duo-

409 1886 657 1967 busque
716 1886 977 1965 insuper
1037 1883 1578 1959 adulescentibus,
1637 1884 1746 1962 qui
1793 1900 1926 1945 rem
1981 1883 2301 1963 publicam
2346 1883 2607 1948 interim
2651 1902 2795 1965 pre-

409 1996 606 2070 mant,
655 1988 1037 2070 quandoque
1081 1986 1458 2051 distrahant.
2510 1996 2513 1999 ’

583 2092 643 2157 5.
691 2093 868 2157 Haec
911 2098 1104 2173 atque
1147 2092 1304 2155 talia
1349 2091 1739 2171 agitantibus
1770 2110 2143 2171 gravescere
2175 2092 2471 2156 valetudo
2502 2092 2793 2173 Augusti,

409 2202 476 2261 et
519 2196 775 2278 quidam
823 2195 1029 2259 scelus
1075 2196 1289 2260 uxoris
1335 2196 1804 2277 suspectabant.
1870 2196 2107 2275 quippe
2153 2214 2368 2259 rumor
2426 2196 2793 2277 incesserat,

409 2318 646 2381 paucos
707 2305 856 2368 ante
916 2318 1167 2364 menses
1212 2300 1588 2379 Augustum,
1651 2300 1873 2364 electis
1934 2299 2204 2363 consciis
2267 2304 2335 2363 et
2378 2302 2609 2365 comite
2669 2320 2794 2365 uno

409 2404 604 2467 Fabio
637 2403 932 2482 Maxime,
982 2404 1341 2467 Planasiam
1371 2409 1621 2467 vectum
1655 2404 1736 2467 ad
1768 2403 2098 2467 visendum
2131 2392 2515 2485 Agrippam3
2563 2406 2797 2470 multas

409 2507 538 2571 illic
584 2508 903 2588 utrimque
947 2508 1242 2570 lacrimas
1290 2512 1354 2571 et
1399 2508 1581 2587 signa
1627 2509 1913 2581 caritatis
1960 2524 2268 2589 spemque
2313 2524 2390 2571 ex
2438 2527 2513 2573 eo
2544 2508 2681 2573 fore
2728 2514 2801 2573 ut

411 2612 658 2677 iuvenis
702 2612 1042 2693 penatibus
1087 2610 1189 2673 avi
1222 2611 1628 2676 redderetur:
1678 2611 1848 2691 quod
1894 2612 2241 2675 Maximum
2287 2614 2470 2677 uxori
2516 2613 2795 2677 Marciae

409 2718 758 2798 aperuisse,
805 2715 980 2780 illam
1024 2714 1262 2779 Liviae.
1327 2733 1592 2795 gnarum
1653 2717 1721 2780 id
1769 2715 2061 2796 Caesari3
2125 2736 2334 2798 neque
2394 2718 2591 2783 multo
2653 2724 2799 2800 post

412 2821 687 2884 extincto
733 2819 1029 2898 MaximO,
1096 2818 1359 2883 dubium
1404 2839 1484 2883 an
1531 2822 1824 2902 quaesita
1867 2828 2090 2903 morte,
2154 2821 2408 2887 auditos
2461 2823 2527 2885 in
2570 2821 2796 2887 funere

409 2925 548 2988 eius
590 2924 872 2988 Marciae
917 2923 1192 3002 gemitus
1237 2929 1442 2988 semet
1485 2925 1852 3004 incusantiS,
1903 2925 2070 3006 quod
2118 2944 2309 2989 causa
2342 2925 2519 2991 exitii
2565 2926 2796 2990 marito

407 3025 656 3092 fuisset.
701 3031 1044 3106 utcumque
1088 3044 1157 3090 se
1203 3045 1280 3090 ea
1325 3046 1427 3092 res
1472 3028 1717 3107 habuit,
1780 3028 2039 3093 vixdum
2090 3031 2416 3108 ingressus
2472 3028 2795 3112 Illyricum

409 3130 702 3196 Tiberius
749 3131 1038 3212 properis
1084 3131 1307 3194 matris
1350 3130 1586 3196 litteris
1631 3133 1904 3210 accitur3
1965 3150 2173 3214 neque
2219 3133 2375 3196 satis
2422 3140 2798 3214 conpertum

409 3240 527 3313 est,
574 3236 922 3316 spirantem
967 3234 1173 3298 adhuc
1206 3235 1562 3316 Augustum
1609 3236 1778 3317 apud
1809 3236 2030 3300 urbem
2054 3235 2281 3300 Nolam
2326 3255 2406 3300 an
2438 3239 2793 3302 exanimem

410 3339 786 3420 reppererit.
851 3340 1103 3403 acribus
1160 3357 1436 3420 namque
1498 3339 1806 3404 custodiis
1859 3340 2112 3404 domum
2176 3345 2242 3404 et
2284 3341 2421 3404 vias
2466 3347 2797 3423 saepserat

408 3441 607 3522 Livia,
656 3441 935 3522 laetique
979 3443 1301 3508 interdum
1346 3443 1552 3506 nuntii
1584 3443 2021 3523 vulgabantur,
2070 3444 2269 3508 donec
2314 3446 2585 3525 provisis
2630 3464 2795 3527 quae

409 3551 661 3627 tempus
721 3549 1022 3612 monebat
1078 3545 1318 3630 [simul]
1365 3547 1719 3610 excessisse
1779 3548 2137 3626 Augustum
2197 3554 2264 3612 et
2320 3566 2534 3612 rerum
2599 3551 2793 3630 potiri

411 3649 728 3721 Neronem
773 3648 943 3713 fama
989 3649 1212 3714 eadem
1257 3650 1418 3714 tulit.

583 3753 642 3816 6.
689 3754 973 3818 Primum
1033 3753 1279 3818 facinus
1325 3754 1470 3818 novi
1514 3755 1908 3836 principatus
1965 3753 2089 3818 fuit
2138 3755 2424 3820 Postumi
2468 3757 2792 3838 Agrippae

413 3855 657 3935 caedeS,
706 3875 896 3936 quem
940 3859 1230 3937 ignarum
1275 3859 1715 3938 inermumque
1746 3859 2032 3938 quamvis
2062 3855 2349 3922 firmatus
2386 3860 2599 3924 animo
2647 3878 2792 3925 cen-

410 3960 578 4024 turio
623 3978 814 4040 aegre
861 3961 1147 4025 confecit.
1197 3963 1353 4026 nihil
1399 3962 1480 4025 de
1525 3981 1601 4026 ea
1646 3981 1716 4025 re
1755 3960 2057 4026 'Tiberius
2116 3963 2285 4043 apud
2330 3969 2619 4028 senatum
2665 3965 2793 4029 dis-

411 4065 646 4128 seruit:
694 4065 895 4144 patris
939 4066 1114 4129 iussa
1159 4067 1513 4146 simulabat,
1562 4065 1794 4146 quibus
1825 4067 2342 4147 praescripsisset
2382 4067 2638 4131 tribuno
2686 4086 2791 4132 cu-

407 4166 657 4232 stodiae
687 4168 1000 4249 adposit0,
1047 4188 1127 4233 ne
1159 4174 1559 4234 cunctaretur
1587 4169 1939 4250 Agrippam
1967 4175 2171 4234 morte
2200 4167 2490 4248 adficere,
2540 4173 2791 4250 quando

405 4272 548 4355 ipse
607 4290 972 4353 supremum
1033 4272 1204 4337 diem
1270 4274 1671 4355 explevisset.
1740 4274 1968 4338 multa·
2008 4275 2145 4338 sine
2211 4273 2404 4338 dubio
2474 4292 2791 4356 saevaque

2484 4378 2553 4440 1*
